2600 4044
539 189 650 243 LIBER
667 189 714 244 IV.

116 351 171 419 Sio
194 352 342 417 homines
366 351 465 416 variis
489 351 613 417 clarent
635 352 822 434 virtutibus:
846 351 899 416 hio
923 356 973 416 eat

118 440 268 523 Sobrius,
291 440 347 504 ille
370 439 519 523 humilis,
541 439 595 505 hic
617 440 708 504 mitis
732 444 764 503 et
786 440 841 504 ille
865 440 1008 524 pudicus.

116 529 221 614 Inque
245 529 295 594 sui
317 529 421 614 patris
445 530 600 612 conplura
622 528 809 594 habitacula
832 526 981 594 Christus

117 618 244 683 Retulit
267 639 338 682 esse
362 618 458 682 domo
483 617 591 682 studia
614 618 656 681 ob
680 616 807 681 diversa
830 616 1001 704 piorum.¹)
1146 639 1171 680 rs

116 706 218 790 Novi,
240 729 300 772 nec
322 728 460 789 rennu03
483 727 595 771 verum
618 727 678 770 neo
701 705 804 770 multa
825 727 885 770 nec
908 728 972 771 una

118 794 308 860 sanctificat
329 795 433 860 vlrtus
458 794 637 877 hominem,
661 794 779 858 sinon
803 795 864 858 erit
886 794 937 858 illi

117 882 225 948 Verus
251 904 355 967 amor,
378 904 554 967 perquem
579 883 715 946 virtutes
738 904 799 947 nos
823 883 915 948 decet
938 904 1048 948 omnes

119 970 245 1056 Cogere
268 971 429 1054 paulatim
453 972 637 1055 scalamque
662 971 825 1056 acquirere
850 971 890 1036 ad
913 975 1012 1037 astra.

116 1059 281 1125 Paulatim
305 1082 344 1124 ex
366 1060 480 1124 multis
503 1065 636 1143 pontem
659 1060 834 1142 producere
859 1059 957 1144 lignis
1145 1082 1171 1122 ao

117 1147 188 1213 Scit
208 1149 301 1213 faber
324 1151 357 1212 et
381 1149 493 1233 multis
516 1148 633 1213 turrim
657 1169 840 1232 conponere
863 1150 958 1214 saxis.

118 1237 204 1302 Hinc
227 1237 385 1321 estquod
409 1236 531 1302 domini
556 1240 706 1320 spectans
731 1237 871 1302 archana
894 1236 1055 1303 Iohannes

116 1325 264 1391 Diversis
289 1326 398 1390 aulam
421 1325 558 1410 gemmis
583 1329 733 1390 constare
757 1347 941 1410 supremam

116 1414 240 1480 Narrat
263 1418 296 1478 et
318 1435 357 1478 ex
378 1413 445 1478 illis
468 1414 520 1478 bis
544 1435 600 1478 sex
624 1414 807 1496 specialiter
830 1412 964 1500 offered)

116 1501 275 1587 Quarum,
299 1503 328 1567 si
351 1503 614 1587 potero‚·paucis
637 1503 783 1567 misteria
805 1502 962 1586 pandam,
1144 1524 1170 1564 ss

115 1591 254 1677 Insuper
277 1594 310 1656 et
331 1591 485 1676 referam,
508 1612 572 1674 quo
597 1612 721 1675 queque
744 1591 851 1656 colore
874 1594 1014 1656 notetur.

287 1923 344 1994 (11.)
367 1924 406 1979 De
424 1922 476 1978 xn
494 1923 636 1994 lapidibus
655 1924 685 1979 et
703 1922 840 1979 misteriis
858 1935 960 1979 eorum.

116 2051 222 2136 Iaspis
247 2051 412 2136 gramineo
436 2051 538 2135 pollet
560 2052 716 2136 viridique
740 2047 892 2138 oolore³),
1091 2061 1111 2115 1.

117 2138 311 2225 significans
334 2140 425 2204 firme
448 2140 522 2204 fidei
544 2141 663 2205 virtute
685 2141 837 2206 virentes.

118 2227 240 2293 Oelcsti
264 2229 346 2294 solio
371 2228 487 2293 similia
512 2229 662 2312 saphirus
686 2226 929 2315 memoratur4);
1077 2238 1112 2292 ΙΙ.

117 2316 185 2382 Iste
208 2319 330 2402 figurat
353 2339 421 2397 eos,
445 2318 502 2401 qui
524 2317 618 2381 Pauli
640 2317 759 2402 dogma
782 2325 952 2402 sequentes
1145 2337 1171 2376 eo

116 2405 252 2470 Dicunt:
275 2406 310 2469 in
333 2405 409 2490 celis
434 2409 484 2470 est
506 2406 710 2471 conversatio
734 2403 887 2491 nostrast)

115 2493 180 2559 Est
201 2493 313 2578 hebes,
337 2516 471 2578 accense
495 2493 649 2559 calcedon
671 2515 761 2559 more
784 2492 945 2580 lucerne⁶)
1064 2503 1111 2557 111.

116 2581 218 2647 Lucet
241 2586 274 2646 ct
296 2584 420 2667 argutis
444 2584 524 2648 mire
548 2583 765 2666 sculptoribus
789 2583 907 2647 obstat.

7 2667 8 2674 '
115 2670 279 2757 Designat
302 2677 444 2756 sanctos,
466 2671 578 2737 feritas
603 2692 684 2755 quos
707 2672 796 2736 nulla
819 2670 979 2735 malorum

116 2759 259 2826 Edomat
282 2760 432 2826 ardentes
456 2783 590 2844 operum
613 2760 739 2824 fervore
763 2759 935 2843 bonorum,
1144 2778 1169 2818 aa

116 2847 277 2914 Lucentes
301 2849 366 2933 vite
391 2872 464 2915 cum
488 2849 567 2914 dant
590 2849 737 2932 exempla
759 2849 865 2930 beate.

118 2938 219 3002 Ardet
242 2939 441 3004 conlucens
464 2939 520 3022 qui
543 2940 667 3003 secreto
690 2937 771 3002 bene
795 2938 890 3020 vivit,

188 3154 221 3202 7⁷
245 3163 268 3202 e.
287 3148 347 3202 illio
410 3152 443 3202 80
458 3147 580 3218 pontem]
596 3162 635 3215 po
652 3147 786 3216 priuspd
849 3150 883 3200 83
908 3162 944 3200 an
962 3151 1126 3216 mecam?

116 3224 151 3274 90
170 3234 194 3272 e.
212 3219 318 3288 (tcaput
336 3233 405 3273 corr.
425 3219 455 3272 M
528 3223 561 3272 92
581 3234 604 3272 e.
623 3219 756 3273 corcedca
775 3233 843 3272 corr.
864 3217 892 3270 M

189 3413 215 3478 1)
234 3410 292 3467 Ioh.
314 3415 356 3478 14,
375 3417 399 3466 2.
484 3413 510 3481 2)
529 3411 615 3493 Apoc.
636 3417 679 3481 21,
700 3417 741 3467 10.
762 3416 847 3481 resq.
930 3412 957 3481 3)
975 3411 1047 3493 Plin.
1065 3409 1130 3466 hist.

115 3483 173 3538 nau
193 3489 237 3550 37,
256 3488 281 3549 e,
302 3487 361 3536 115.
474 3486 502 3551 4)
526 3481 598 3538 Pun.
618 3489 661 3552 3⁷,
681 3487 705 3551 c,
727 3486 784 3538 120.
901 3484 928 3554 a)
950 3482 1023 3539 Pho.
1043 3487 1068 3552 a,
1087 3486 1130 3536 20.

116 3555 144 3623 s)
162 3551 234 3608 Plin.
253 3558 297 3620 37,
318 3560 341 3620 7,
361 3558 421 3608 104.

170 3651 279 3692 Auaron
293 3651 307 3692 S
309 3661 427 3694 nnnnnnnn
955 3649 970 3696 6
