2570 4044
143 203 185 269 36
512 200 617 255 sunm
636 199 791 255 44444444

88 383 127 425 445
142 363 313 450 Asperitas
337 364 376 429 de
399 367 431 428 te
455 368 554 448 queat
576 364 679 429 ullum
704 362 870 428 extrudere
894 362 1045 428 fructum.

142 453 259 520 Nonne
283 454 382 518 miser
405 453 488 536 legis
511 453 546 517 in
568 451 717 537 psalmo?
740 451 851 516 forsan
874 451 956 535 legis
980 456 1014 516 et
1036 473 1103 516 non

144 542 296 608 Attendis
322 541 488 607 dominum
512 541 638 607 dulcem
660 545 846 624 rectumque
869 538 1093 628 vocatum?“¹)

143 630 223 718 „Oui
247 629 415 696 dulcem?“
458 628 541 715 „Qui
565 630 698 695 divertit
721 629 759 694 de
783 628 886 694 limite
909 651 1027 713 pravo,

144 719 207 796 Qui
231 718 397 785 Christum
422 718 524 784 credit
547 739 702 803 sacroque
725 719 855 784 lavatur
876 717 912 781 in
935 719 1024 782 amni

90 829 130 867 no
143 809 189 874 Et
211 809 318 893 legem
342 807 466 874 domini
489 807 665 874 meditatur
687 811 783 872 nocte
806 803 948 890 dieque.“

142 897 220 982 „cui
243 894 411 962 rectum?“
456 895 538 981 „Qui
561 897 711 981 nequicia
732 895 922 979 resipiscere
944 916 1009 960 non
1033 896 1117 981 vult,

142 987 245 1070 Inque
270 1008 329 1050 sua
352 985 484 1050 minime
506 984 651 1070 trepidat
672 985 846 1068 persistere
871 983 979 1066 sorde3

142 1076 289 1141 Inveniet
313 1074 400 1158 quod
423 1074 530 1158 querit
553 1073 665 1158 hom03
688 1095 764 1138 nam
788 1073 844 1158 qui
867 1073 953 1138 bona
976 1073 1085 1157 querit

141 1164 291 1230 Inveniet
314 1162 414 1245 bona,
436 1183 495 1226 nec
518 1165 605 1227 mala
628 1162 765 1227 deerunt
788 1161 844 1246 qui
867 1163 954 1226 mala
977 1162 1095 1246 querit.

89 1271 128 1312 425
143 1251 246 1328 Quem
269 1255 411 1316 mactare
434 1251 524 1315 iuvat
546 1254 598 1317 tot
620 1255 732 1316 tauros
755 1254 869 1335 totque
893 1251 1054 1335 bidentes,

142 1341 255 1425 Ipsum
277 1344 311 1405 te
335 1339 464 1406 Christo
488 1345 625 1418 mactes,
649 1341 699 1405 oui
722 1340 856 1406 victima
877 1340 970 1403 nulla

143 1429 276 1494 Gratior
299 1430 435 1495 offertur
457 1451 554 1514 quam
577 1429 711 1512 spiritus
735 1432 786 1493 est
808 1425 1026 1514 tribulatusfl)

144 1518 237 1595 Quod
261 1518 289 1582 si
311 1519 346 1582 in
369 1517 492 1583 duricia
515 1518 654 1583 districti
677 1518 792 1583 iudicis
816 1522 923 1582 atrum

142 1608 342 1692 Exspectare
365 1607 464 1689 diem,
488 1621 585 1692 quam
608 1611 641 1671 te
664 1611 850 1672 convertere
873 1607 992 1688 mavis,

90 1717 130 1756 rao
144 1696 221 1763 Non
243 1699 277 1761 te
301 1716 379 1780 grex
403 1697 512 1762 ovium
535 1696 656 1780 capiet,
679 1695 825 1781 iungeris
850 1695 889 1759 ad
912 1693 1029 1777 hedos,

142 1784 278 1870 Ignibus
301 1785 422 1850 eternis
445 1785 500 1868 qui
523 1788 599 1848 sunt
623 1785 691 1848 sine
713 1785 778 1849 fine
800 1783 973 1850 cremandi.

145 1874 236 1939 Tunc
258 1874 340 1959 „heu
363 1894 415 1938 me
439 1871 611 1937 miserum“
634 1872 735 1957 dices,
759 1873 815 1937 sed
838 1873 885 1937 nil
907 1872 1010 1955 valet,
1033 1873 1129 1938 illum

144 1961 328 2028 Clamorem
351 1961 500 2026 dominus
523 1983 590 2025 non
612 1962 784 2046 percipiet,
808 1961 865 2026 sed
887 1965 925 2026 nt
948 1961 1027 2026 olim

143 2049 336 2135 Virginibus
359 2051 458 2115 fatuis
481 2071 619 2133 sponsus
642 2052 694 2128 „te
716 2049 845 2115 nescio“
868 2047 1014 2136 dicet.“³)

91 2137 222 2225 «135,erss
244 2139 350 2204 minus
373 2139 436 2203 hoc
458 2159 585 2222 vereor,
608 2159 685 2203 nam
708 2139 783 2204 vivo
806 2140 926 2205 rectius
950 2137 1053 2204 actu.“

143 2227 302 2313 „Falleret
327 2227 479 2312 quicquid
503 2228 573 2312 agit
596 2227 717 2292 stultns
740 2227 905 2294 laudabile
929 2232 1046 2293 censet.

144 2316 251 2394 Quam
274 2317 351 2382 felix
376 2336 462 2381 esses
488 2315 571 2381 site
596 2336 791 2400 cognoscere
814 2318 932 2401 velles,

146 2405 181 2472 Si
203 2406 302 2471 velles
327 2406 434 2472 animo
457 2404 655 2492 perpendere
677 2407 804 2472 veneris
828 2405 926 2490 unde,

145 2494 291 2561 Tendere
316 2495 343 2560 si
368 2517 528 2560 summam
550 2495 651 2560 velles
674 2499 885 2580 properanter
907 2494 949 2559 ad
972 2495 1096 2560 aulam!

92 2605 131 2643 444
146 2583 243 2650 Silvis
266 2586 413 2649 innatam
435 2585 599 2649 volucrem
623 2583 736 2649 doctus
759 2585 847 2669 capit
871 2581 1020 2669 auceps4)

146 2671 278 2739 Glutine
301 2677 334 2738 ct
356 2673 494 2739 includit
517 2670 660 2758 cavee⁵)‚
684 2673 838 2756 subponit
860 2676 893 2736 et
917 2693 1021 2737 escas:

146 2760 215 2837 Qua
239 2761 267 2825 si
290 2762 373 2826 forte
396 2783 511 2826 nemus
534 2760 637 2845 videt,
661 2763 823 2846 unguibus
846 2761 996 2845 improba
1019 2763 1127 2828 curvis

146 2847 324 2914 Oonculcat
346 2849 448 2914 micas
472 2853 506 2914 et
527 2850 621 2914 ticiat
643 2851 739 2915 anxia
764 2851 873 2916 silvas.

146 2937 234 3002 Dum
257 2939 307 3003 leo
332 2939 530 3003 mansuescit
552 2936 697 3020 Libicas,
721 2939 854 3003 sufferre
879 2939 1030 3026 magistri

93 3045 132 3087 444
146 3025 292 3091 Verbera
315 3047 382 3090 non
404 3027 512 3091 renuit
534 3027 696 3110 iussisque
720 3028 925 3114 obtemperat
947 3028 1030 3092 eius:

218 3241 271 3290 416
296 3253 318 3291 o.
338 3237 443 3306 spatmo
532 3241 585 3290 425
609 3252 632 3291 c.
654 3237 710 3307 Qui
795 3241 847 3292 445
872 3255 894 3293 o.
914 3239 1027 3294 rennuit
1045 3237 1169 3294 alterum

147 3324 255 3362 mm

222 3509 247 3572 1)
258 3503 338 3558 esai.
358 3508 401 3570 44,
421 3508 446 3558 a.
546 3505 574 3573 4)
592 3504 666 3559 Pssl.
686 3509 728 3570 so,
750 3507 790 3557 19.
891 3503 919 3572 a)
938 3503 1038 3558 Macen.
1059 3509 1101 3574 as,
1125 3511 1169 3563 12.

148 3578 176 3644 4)
195 3573 320 3629 Disticha
340 3573 454 3630 Catonis
472 3573 492 3641 1,
512 3580 554 3642 27,
575 3580 599 3629 2.
673 3579 699 3640 5)
719 3573 768 3628 Or.
788 3571 845 3626 lbis
865 3577 926 3628 619.
