2570 4044
526 209 635 265 amaa
652 209 687 263 11.
1073 209 1116 274 33

96 370 168 455 Geli
193 370 301 436 audite
325 377 359 437 et
380 373 512 454 humus,
536 372 612 457 quid
635 372 735 437 vestri
758 371 875 436 dixerit
899 377 1025 439 auctor:
1130 389 1171 430 333

96 459 235 525 Filiolos
260 480 320 545 ego
343 461 466 526 nutrivi
488 460 614 544 fecique
636 463 800 545 potentes,

97 548 245 614 Ileontra
268 548 407 634 ingratis
431 571 491 634 ego
516 571 588 614 sum
611 553 818 633 contemptus
842 551 883 615 ab
907 551 989 634 illis3

97 637 163 704 Bos
188 637 361 722 asinusque
385 638 436 702 sui
458 638 579 703 domini
603 638 752 723 presepia
775 642 909 723 norunt,

97 727 144 791 At
166 727 307 810 populus
330 747 421 791 meus
444 726 569 792 Israhel
592 749 644 792 me
668 728 749 792 scire
772 732 910 793 recusat.
918 724 943 814 ¹)

96 813 180 900 „Qui
198 815 258 880 bos
278 819 336 880 aut
349 814 502 880 asinus?“
519 836 617 901 „gens
633 813 763 882 Christo
783 815 914 881 credula
932 838 1026 900 nunc,
1046 816 1102 880 sed
1130 831 1169 873 333

97 903 220 968 Dedita
243 903 411 988 sacrilegis
433 903 586 969 fanorum
608 905 750 970 cultibus
774 904 862 970 olim.

97 992 262 1056 Parnasus
284 991 396 1057 Phebo
421 993 537 1058 statuit
560 1015 665 1078 sacra,
688 993 804 1058 Tracia
827 991 940 1078 Marti,

98 1079 279 1146 Gnosiades
303 1081 431 1146 coluere
454 1081 571 1148 horem
594 1078 797 1167 Mynoida²)‚
820 1082 931 1147 laudes

97 1168 250 1235 Latranti
272 1170 391 1236 cecinit
413 1172 552 1255 populus
574 1169 765 1255 Memphitis
789 1169 944 1259 Anubi⁸),

97 1258 265 1342 Deprense
288 1257 411 1323 Veneri
432 1258 578 1344 Paphos,
601 1259 786 1345 oblatisque
809 1261 963 1327 corimhis
1130 1281 1170 1321 aso

98 1347 218 1430 Boecie
242 1345 355 1413 Bacho
378 1348 582 1413 celebrarunt
605 1349 698 1434 orgia
720 1352 847 1433 genter,

97 1433 269 1501 ll'eutonici
292 1435 472 1501 humanum
494 1435 565 1502 Diti
588 1437 697 1502 fudere
721 1459 880 1518 cruorem,

98 1523 208 1590 Encas
232 1524 311 1609 Asia
334 1531 411 1610 post
433 1525 540 1591 diruta
561 1525 723 1612 Pergama
746 1527 787 1590 ab
811 1527 876 1590 oris

99 1612 282 1678 Ausoniam
306 1614 437 1680 veniens
461 1613 595 1680 Vestam
620 1615 732 1680 attulit
755 1618 852 1699 atque
875 1618 1009 1699 penates

100 1701 210 1767 Iliacis
233 1706 348 1786 raptos
372 1725 410 1767 ex
432 1701 609 1788 ignibus4),
631 1705 659 1768 is
684 1703 846 1788 Tyberina
1131 1722 1170 1763 ass

100 1789 225 1875 Stagna
248 1794 280 1855 et
303 1791 457 1857 Aventini
480 1792 618 1858 iocunda
641 1792 809 1858 cacumina
832 1788 956 1879 collis⁵)

100 1878 274 1965 Religione
298 1881 361 1946 coli
383 1901 504 1967 magna
528 1881 649 1966 docuit3
672 1879 782 1947 Numa
804 1880 989 1965 posthunc

101 1967 251 2054 Auguria
275 1973 307 2034 et
331 1972 434 2036 sortes
459 1973 491 2034 et
514 1970 650 2036 'Passala
672 1970 831 2055 earmina,
853 1973 890 2035 ut
913 1967 1051 2057 aiunt⁶)‚

99 2057 252 2122 Instituit
274 2058 398 2142 primus
422 2057 540 2143 Rome,
563 2058 655 2125 euius
678 2063 875 2144 pronepotes

99 2146 292 2211 Innumeras
316 2147 426 2213 dirum
449 2147 582 2213 sibimet
603 2149 726 2214 finxere
749 2151 906 2215 catervas.
1132 2166 1171 2206 ³50

99 2233 190 2299 Inter
212 2256 291 2319 quos
315 2235 435 2302 multas
458 2236 576 2302 habuit
597 2236 780 2303 'Phirintius
804 2258 877 2302 aras

100 2321 274 2389 Gerionem
298 2325 429 2409 stravit,
451 2326 551 2391 cessit
573 2347 701 2410 quoque
724 2324 882 2391 Cerberus
905 2325 970 2410 illi,

98 2410 280 2491 Antheum,
307 2416 344 2477 ut
370 2413 487 2499 fertur,
515 2414 626 2480 necuit
649 2412 771 2479 (lacum
795 2435 921 2497 quoque
946 2416 978 2478 et
1002 2412 1117 2496 ydram

98 2499 145 2566 Et
169 2504 248 2585 quot
270 2501 407 2567 virtutes
430 2503 548 2588 gessit,
571 2506 623 2569 tot
646 2502 811 2588 energima
835 2503 928 2585 cepit

99 2588 302 2655 Flaminibus
327 2612 401 2674 cure
423 2592 577 2675 pulvillos
602 2595 699 2676 atque
722 2594 850 2674 tapetas
1132 2608 1171 2649 335

100 2676 266 2760 Stemma,
290 2701 354 2763 qua
376 2677 549 2765 gybsum⁷)
574 2681 691 2746 statuit
713 2677 834 2765 Iovis⁸)
859 2683 891 2744 et
914 2677 1064 2762 (litheree

99 2765 145 2831 Et
169 2789 283 2854 segnes
307 2770 396 2834 tenui
419 2768 511 2835 fucos
536 2767 676 2854 arcerel)
699 2768 844 2848 flabello,

173 2947 224 2996 341
244 2944 335 3014 cipio]
354 2944 461 2998 interr
479 2945 507 2998 et
524 2961 542 3016 p
559 2943 658 2998 littera
676 2945 692 2999 0
711 2944 744 2997 ut
762 2943 873 2998 videtur
886 2960 968 2999 erasa
1024 2949 1076 2999 344
1094 2959 1118 3000 5.

99 3014 215 3068 attulit
327 3021 379 3071 343
398 3014 553 3086 1550090555]
572 3014 693 3069 alterum
711 3032 724 3070 e
742 3014 819 3084 prius
838 3016 850 3070 5·
951 3020 1002 3071 351
1021 3015 1121 3073 inultos

99 3082 238 3139 Herschel
255 3083 329 3139 falso
384 3091 436 3141 354
456 3103 478 3141 5.
498 3087 618 3157 mepta,
636 3085 670 3144 ef.
690 3083 772 3140 Prud.
792 3086 896 3155 Apoth.
915 3091 968 3142 400
1023 3092 1075 3141 357
1095 3102 1119 3141 c.

99 3170 180 3210 sucos
198 3155 239 3209 ita
258 3154 396 3212 Herschel

175 3300 201 3366 1)
220 3296 298 3354 lesui.
319 3304 343 3366 1,
363 3303 388 3354 5.
408 3304 433 3353 5.
541 3300 568 3368 5)
587 3298 679 3353 Amat.
699 3298 720 3365 1,
740 3304 799 3354 555.
819 3303 880 3353 aas.
990 3299 1016 3366 5)
1035 3296 1118 3353 Prud.

100 3368 206 3438 Apoth.
227 3375 285 3424 ree.
395 3371 424 3438 4)
442 3368 511 3424 sen.
531 3369 564 3438 v,
585 3375 733 3425 rra-ras.
844 3373 871 3437 s)
890 3371 958 3424 Aen.
978 3369 1038 3437 Vll,
1058 3373 1118 3423 555.

102 3445 132 3505 5)
152 3439 186 3494 cf.
205 3440 279 3495 Flor.
298 3441 319 3510 Ι,
339 3446 364 3495 2.
391 3441 475 3496 Prud„
495 3441 599 3509 Apoth.
618 3446 722 3508 477sq.
808 3443 836 3508 3)
855 3439 893 3493 cf.
912 3439 994 3494 Pruu
1015 3438 1119 3508 Apoth.

101 3515 164 3565 458.
184 3515 288 3580 48555.
382 3512 412 3581 8)
430 3512 464 3568 cf.
483 3510 642 3581 Eupolemii
661 3511 750 3566 Carm.
770 3509 847 3581 (cod.
868 3510 964 3564 Dresd.
984 3510 1034 3564 Dc.
1050 3515 1120 3564 171⁸

101 3580 152 3637 fol.
168 3578 234 3651 23¹³)
253 3581 276 3650 Ι,
291 3587 343 3638 450
362 3581 436 3638 Iovis
449 3599 578 3653 gypsum.
634 3584 662 3652 9)
681 3582 781 3653 Georg.
796 3583 844 3650 IV,
860 3586 918 3637 158.
938 3579 1007 3637 Aen.
1022 3580 1043 3650 I,
1057 3585 1120 3638 435.

158 3679 268 3722 Auaron
282 3680 417 3724 Suanorns.
944 3675 960 3724 3
