2600 4044
169 221 213 286 54
539 220 644 276 snxm
662 219 816 276 AMAROH

168 383 315 449 Dedecus
340 387 372 447 et
396 383 501 448 scelus
526 388 588 468 est,
613 387 645 448 et
666 385 700 448 vi
723 405 927 468 corrumpere
951 386 1080 450 multas.

115 491 155 530 260
168 472 293 557 Iupiter
315 471 377 537 hoc
401 472 478 556 egit.
524 471 610 537 Deus
635 472 715 537 haut
737 473 800 537 fuit
824 493 901 558 ergo
923 473 1101 560 vocandus,

170 559 251 627 Cum
275 582 370 645 quem
393 583 452 625 nos
477 562 621 646 colimus,
645 562 700 646 qui
722 560 796 627 fons
821 565 871 625 est
894 566 1045 646 metaque
1063 585 1186 650 rerum,

167 649 277 715 Nullis
300 650 439 715 infectus
462 650 555 716 viciis
578 651 690 715 insons
714 650 883 715 habeatur.

167 738 314 824 Virginis
337 760 375 803 ex
399 743 492 804 utero
515 761 573 805 eeu
597 761 735 822 sponsus
759 738 797 803 de
820 739 966 804 thalamo
991 739 1047 804 ille

168 827 293 892 Prodiil
315 828 412 912 inque
434 829 516 893 rubo
539 850 672 893 versans
695 850 763 893 non
785 829 869 893 ussit
892 829 1038 893 eundem.

115 931 154 973 2⁶5
167 916 285 982 Nullus
309 938 382 982 eum
405 917 527 1001 poterit
548 916 682 982 vitanda
704 920 852 1002 patrasse
875 917 1029 1001 probare,

169 1005 334 1072 Socratico
360 1027 554 1090 quamquam
579 1009 712 1070 cunctos
737 1005 914 1070 discindere
937 1027 1038 1071 cornu

168 1093 306 1160 Noverit
328 1098 471 1159 astantes
496 1098 528 1158 et
551 1093 740 1159 Aristotilcs
762 1094 826 1159 fuit
849 1094 940 1160 alter.

167 1182 262 1248 Nunc
286 1205 360 1268 age,
383 1182 522 1268 Nasoni,
546 1205 625 1247 num
648 1179 789 1270 Gallo¹),
813 1206 890 1248 num
913 1183 1059 1248 Iuvenali

167 1271 212 1336 Et
235 1271 336 1336 Parce
359 1275 494 1356 parcant
517 1275 550 1336 et
574 1270 688 1336 Gratia
712 1272 756 1336 sit
778 1272 854 1355 pia?
892 1271 1014 1336 Verum

114 1377 154 1416 2⁷⁰
169 1359 349 1445 Alchimus,
374 1359 507 1444 Arator,
531 1359 680 1425 Sedulius
704 1366 800 1445 atque
824 1361 980 1426 Iuvencus

166 1447 244 1514 Non
266 1449 347 1513 bene
371 1451 509 1514 tornatis
534 1453 703 1534 apponunt
725 1449 817 1534 regia
839 1447 959 1536 vasis2)

168 1537 311 1604 Fercula.
356 1538 458 1604 Miror
481 1560 549 1623 eos,
572 1561 639 1602 non
662 1538 763 1603 audeo
787 1538 979 1622 vituperare.

166 1627 261 1694 Nunc
285 1627 326 1692 ad
348 1650 417 1692 rem
439 1628 544 1693 redeo.
591 1625 757 1692 Subvertit
779 1628 911 1711 crapula
935 1631 1050 1694 castos,

168 1716 274 1792 Quid?
320 1714 471 1802 Daniel³)
495 1717 600 1782 celebs
625 1716 771 1801 captivus
795 1720 927 1799 tresque
949 1717 1074 1802 pusilli,

114 1820 153 1862 2⁷⁵
169 1805 271 1892 Quos,
295 1827 355 1888 que
381 1805 531 1870 confusas
554 1808 696 1870 testatur
718 1805 849 1869 nomine
873 1804 1016 1889 linguas,

167 1894 236 1958 Rex
258 1896 348 1959 urbis
372 1895 493 1978 tenuit,
518 1917 589 1959 cum
615 1915 649 1958 se
672 1893 770 1958 nimis
795 1914 865 1958 esse
889 1894 1047 1978 dolerent,

166 1982 356 2047 Ieonomum
380 1983 466 2069 regis
492 1983 587 2049 sociis
611 1981 781 2047 facundior
804 1983 877 2048 istis

167 2071 357 2156 Alloquitur
379 2069 511 2135 Daniel:
533 2069 634 2156 „Cum
657 2093 740 2153 panc
763 2071 928 2156 legumina
951 2071 1046 2136 nobis

167 2158 247 2245 Des,
270 2181 334 2226 non
359 2163 431 2244 plus
454 2159 622 2244 petimus.“
667 2157 726 2224 Oui
751 2162 900 2244 princeps
926 2160 1161 2228 eunuchorum:

114 2264 154 2304 280
165 2245 306 2334 „Magna
329 2270 425 2334 rogas
449 2253 482 2314 et
505 2271 566 2334 quq
589 2253 754 2334 nequeunt
774 2249 859 2333 fieri,
883 2249 959 2334 quia
980 2271 1049 2334 rex,
1073 2251 1101 2314 si

166 2336 237 2403 Vos
260 2338 335 2424 plus
359 2339 488 2423 equevis
511 2342 663 2403 tenuesve
687 2358 852 2402 macrosve
876 2337 1013 2423 videbit,

166 2425 239 2493 Hoc
262 2431 359 2512 eaput
382 2427 529 2493 infensus
550 2427 649 2492 faciet
672 2449 823 2493 mucrone
845 2425 973 2492 recidi.“

167 2515 320 2602 Tuncque
344 2517 385 2582 ad
408 2517 579 2602 Malasser,
602 2538 741 2602 namque
764 2516 793 2580 is
817 2515 917 2600 spado
942 2515 1061 2601 prefuit
1084 2516 1185 2602 ipsis:
1296 2537 1297 2542 ’

166 2605 286 2689 „Postu
309 2607 436 2692 vulgari
459 2607 550 2672 denis
573 2628 633 2671 nos
656 2627 752 2690 pasce
775 2605 902 2690 dicbus,

114 2707 153 2748 285
169 2690 313 2778 Cumque
336 2696 402 2759 tuis
427 2697 528 2761 servis
552 2695 652 2760 facito
676 2699 753 2759 tune
775 2699 813 2759 ut
835 2694 904 2759 fore
928 2691 1068 2760 cernes.“

166 2781 271 2866 Dixit,
296 2783 408 2848 atille
431 2785 478 2867 pii
500 2783 645 2848 Danielis
669 2785 769 2850 verba
791 2782 951 2868 benignus

239 3015 291 3066 268
310 3027 333 3064 o.
352 3027 427 3066 nuuc
447 3051 475 3066 ..
494 3027 569 3066 nuuc
665 3017 718 3066 270
737 3028 761 3066 c.
780 3012 902 3066 sedulius
918 3029 975 3066 non
992 3012 1040 3068 sed
1057 3013 1133 3068 ulios
1150 3017 1186 3070 ut

167 3082 237 3138 Boo.
256 3081 328 3152 legit
381 3087 433 3137 273
449 3098 471 3136 e.
485 3083 629 3138 subvertit
683 3088 736 3137 274
751 3099 774 3138 e.
792 3084 895 3153 trisque
914 3099 982 3138 corr.
1002 3085 1031 3137 M
1085 3089 1138 3138 275
1159 3101 1183 3140 c.

166 3206 265 3261 queam
281 3165 364 3260 quoad
382 3205 451 3244 corr.
472 3188 501 3241 M
572 3193 624 3242 279
643 3187 712 3259 Des]
731 3205 745 3245 c
763 3190 792 3242 in
810 3205 864 3244 ras.
885 3205 936 3246 sor.
956 3189 986 3242 M

241 3389 267 3456 1)
298 3401 400 3457 nempe
430 3383 559 3440 Cornelio
585 3383 679 3451 Gallo,
712 3383 747 3438 cl.
776 3384 852 3440 Serv.
880 3383 918 3438 ad
946 3384 1030 3453 Verg.
1059 3385 1118 3441 Eel.
1147 3386 1183 3444 X.

168 3459 196 3527 2)
215 3457 281 3512 Hor.
301 3459 351 3528 Ep.
372 3456 405 3525 ΙΙ,
426 3463 450 3524 3,
469 3462 534 3523 4413
557 3454 591 3510 cf.
612 3454 752 3525 (Winriei)
772 3471 884 3510 carmen
903 3455 946 3509 ed.
966 3455 1065 3525 Kraus,
1083 3455 1184 3512 Jahrb.
1296 3453 1297 3502 l

168 3529 217 3583 des
241 3528 357 3584 Vereins
383 3545 438 3583 von
461 3525 773 3582 Altcrthumsfrsunden
800 3527 839 3580 im
866 3524 1042 3580 Rheinlandc
1068 3527 1102 3596 L,
1128 3533 1184 3584 236
1296 3549 1297 3554 ¹

166 3617 207 3654 vs.
228 3605 287 3654 109.
361 3601 389 3668 3)
408 3598 478 3654 Dan.
500 3603 524 3667 1,
543 3604 567 3652 3.
588 3603 612 3652 6.
632 3603 657 3652 8.
678 3601 719 3649 12.
740 3602 781 3651 10.
803 3601 842 3649 11.
864 3600 905 3649 12.
927 3601 968 3650 13.
