2570 4044
112 171 180 228 vm
515 155 731 213 acerrumo.

116 321 220 406 Atqui
251 321 424 406 Hugonem
454 317 598 385 Amarcii
630 339 760 384 carmen
792 318 926 384 minime
959 318 1133 405 diligenter

117 431 264 476 versasse
301 413 482 475 statuamus
520 410 661 492 oportet,
703 407 780 492 quia
816 406 945 473 dubitat
982 409 1133 492 quisnam

119 499 217 564 fuerit
236 499 290 564 ille
309 497 480 563 Heinricus
499 495 678 562 ‘Romanae
697 496 876 582 sceptriger
895 495 1021 579 arcis'1)
1041 498 1134 562 cuius

118 592 217 672 poeta
235 587 348 652 feccrit
366 586 573 652 mentionem.
606 583 729 661 Quibus
748 589 909 670 repugnat
928 585 1015 669 quod
1031 585 1133 672 Hugo

118 675 309 741 Amarcium
335 674 466 741 Horatii
496 674 694 739 imitatorem
729 694 799 738 esse
833 673 924 758 dicit,
955 674 1020 739 nisi
1048 673 1135 739 forte

123 764 226 830 credis
245 765 325 830 haec
345 786 418 830 eum
438 763 567 829 aliunde
586 762 813 846 desumpsisse.
845 761 914 828 Aut
931 762 1016 828 enim
1034 761 1135 848 Hugo

121 854 157 918 in
188 853 295 919 codice
323 874 381 918 suo
410 853 504 937 plura
531 850 570 917 de
599 851 751 917 Amercio
779 850 901 935 scripta
928 851 1051 917 invenit
1079 855 1136 917 aut

121 943 207 1026 quod
243 942 432 1008 Amarcium
459 941 494 1006 in
530 940 667 1005 Turiaca
703 940 869 1024 provincia
906 960 998 1005 secus
1032 937 1135 1024 Alpes

119 1034 233 1096 natum
257 1052 327 1097 esse
352 1029 502 1096 adfirmat
526 1029 590 1094 alio
614 1050 653 1093 ex
676 1027 765 1094 fonte
792 1028 912 1094 hausit.
963 1027 1137 1095 Praeterea

121 1117 220 1205 Hugo
248 1122 379 1204 poetam
405 1117 492 1182 inter
519 1117 601 1181 alios
625 1119 716 1182 vates
740 1120 972 1182 commemorat
995 1117 1029 1182 in
1052 1117 1137 1184 libro

120 1210 172 1274 cui
194 1207 383 1272 inscribitur
405 1202 614 1290 ,‚Ranner“.²)

188 1295 337 1380 Denique
360 1315 464 1380 pauca
488 1294 526 1359 de
545 1293 697 1360 Amarcio
720 1293 892 1359 traduntur
915 1295 950 1358 in
974 1294 1137 1360 chronicis

121 1406 204 1468 quae
245 1383 448 1449 Theodorioh
488 1381 681 1468 Engelhuus
724 1383 851 1447 saeculo
893 1381 969 1450 XV.
1005 1383 1138 1448 ineunte

123 1469 296 1557 scripsit.⁸)
333 1471 436 1549 Quem
455 1492 536 1556 quae
554 1471 652 1556 Hugo
676 1471 715 1537 de
739 1474 836 1555 poeta
859 1470 1025 1555 reliquerit
1050 1473 1137 1555 expi-

120 1563 206 1628 lasse
233 1561 395 1647 Hauptius
423 1561 506 1626 falso
535 1557 733 1646 opinatum),
764 1559 849 1644 quod
876 1560 943 1624 iam
970 1559 1142 1646 Btidinger,

121 1647 249 1738 vidit⁵);
283 1650 367 1717 alter
395 1650 480 1714 enim
507 1649 542 1714 in
569 1648 714 1715 Amarcii
742 1648 906 1714 mentione
933 1671 1065 1732 prorsus
1095 1650 1138 1714 ab

121 1739 223 1805 altero
267 1739 428 1805 abhorret.
486 1737 612 1823 Neque,
651 1737 736 1822 quod
773 1736 928 1803 monebat
963 1735 1138 1823 Btidiuger‚

121 1825 290 1892 Vincentii
304 1826 547 1892 Bellovacensis
564 1826 730 1911 speculum
750 1825 918 1891 historiale
935 1826 1139 1911 investigans

96 1943 98 1950 ·
124 1915 300 2000 quidquam
330 1915 368 1980 de
392 1914 545 1979 Amarcio
574 1913 730 1979 traditum
758 1914 880 1999 inveni,
908 1914 992 1998 quod
1018 1913 1139 1999 Engel-

122 2003 240 2070 huusio
269 2005 400 2087 praesto
429 2023 499 2068 esse
527 2002 644 2086 potuit.
694 2004 802 2086 Atque
830 2003 878 2068 ita
901 2008 1024 2069 certum
1048 2004 1138 2088 quid·

123 2114 221 2177 quam
245 2091 283 2156 de
303 2090 522 2176 Engelhuusii
544 2090 635 2156 fonte
659 2090 783 2156 adferre
806 2112 940 2176 nequeo.
986 2091 1139 2159 Ceterum

122 2180 194 2246 fieri
211 2184 321 2264 potest
339 2184 376 2246 ut
391 2179 633 2265 Engelhuusius
648 2201 730 2264 quae
750 2180 789 2245 de
803 2180 955 2247 Amarcio
974 2180 1075 2246 tradit
1099 2203 1139 2248 ex

123 2271 197 2354 ipso
225 2268 417 2335 Dresdensis
447 2268 563 2334 codicis
591 2268 671 2335 folio
699 2270 937 2354 tegumentario
966 2291 1052 2335 nunc
1073 2270 1139 2335 de-

124 2358 253 2444 perdito
274 2357 498 2443 desumpserit,
514 2358 542 2423 si
561 2358 705 2424 codicem
722 2357 816 2422 illum
829 2357 1139 2442 Erphesfurtensem

125 2447 205 2513 olim
233 2447 333 2513 fuisse
360 2445 527 2532 Bttdinger
554 2451 640 2512 recte
669 2448 851 2531 suspicatus
880 2443 975 2533 est⁶);
1008 2452 1139 2514 constat

125 2537 210 2603 enim
220 2536 481 2622 Engelhuusium
495 2535 617 2601 diutius
626 2535 834 2621 Erphesfurti
846 2539 1011 2601 versatum
1026 2535 1139 2622 esse.⁷)

37 2694 40 2705 .
124 2624 310 2692 Posteriora
328 2630 474 2711 tempore
488 2626 659 2690 Amarcius
679 2645 697 2688 e
719 2624 839 2688 notitia
862 2625 1005 2690 virorum
1029 2620 1139 2690 docto-

123 2734 196 2776 rum
214 2714 311 2796 plane
331 2715 497 2779 evanuisse
511 2716 590 2797 puto
606 2713 681 2797 quia
695 2711 836 2796 Leysero
851 2714 921 2778 viro
935 2713 970 2778 in
984 2714 1138 2798 operibus

126 2800 224 2865 medii
248 2801 319 2866 aevi
341 2803 511 2885 poetarum
534 2801 677 2885 adprime
701 2804 829 2866 versato
852 2804 983 2886 ignotus
1006 2799 1110 2888 fuit.⁸)

173 2957 174 2960 ’
200 2959 227 3025 1)
245 2956 356 3013 Amare.
375 2956 424 3011 lib.
443 2955 490 3026 111,
510 2960 570 3011 141.
597 3001 600 3012 .
626 2958 654 3024 2)
673 2957 782 3010 Renner
800 2975 839 3012 vs.
856 2961 926 3012 9310
945 2957 1062 3013 Oracius
1081 2960 1140 3012 und

125 3028 262 3098 Virgilius
288 3028 292 3095 Ι
316 3027 463 3082 Amarcius
491 3027 549 3082 und
573 3026 697 3082 Ovidius.
806 3029 832 3098 3)
862 3027 1018 3098 Scriptores
1045 3045 1139 3084 rerum

125 3097 372 3154 Brunsvicensium
385 3098 429 3154 ed.
443 3097 558 3154 Leibnia
569 3101 636 3154 tom.
647 3097 682 3167 ΙΙ,
694 3103 761 3154 1092
776 3097 923 3155 Amarcius
938 3103 1024 3169 pocta
1037 3100 1140 3156 claruit

124 3171 155 3226 in
168 3168 287 3239 Tarego,
307 3168 356 3237 qui
368 3169 517 3239 pulchrum
531 3169 686 3225 doctrinale
705 3185 808 3224 novum
827 3169 946 3226 dietavit
964 3188 1015 3240 pro
1033 3172 1138 3242 pueris,

123 3241 174 3312 qui
192 3241 279 3297 etiam
296 3241 443 3310 pulchrum
462 3239 653 3296 Graecismam
673 3240 837 3311 composuit.
919 3244 947 3309 4)
965 3241 1062 3311 Haupt
1079 3243 1098 3296 l.
1118 3242 1137 3298 l.

123 3331 151 3383 p.
172 3319 232 3369 160.
342 3315 368 3380 6)
387 3311 514 3368 Aelteste
531 3311 686 3368 Dankmale
703 3330 731 3383 p.
750 3318 775 3368 4.
884 3316 911 3382 6)
931 3311 1002 3367 lbid.
1020 3330 1048 3382 p.
1069 3318 1137 3382 laq.

125 3385 154 3453 7)
174 3384 208 3439 cf.
224 3384 256 3439 O.
271 3383 385 3452 horona,
402 3383 608 3438 Deutsclrlands
624 3382 903 3453 Geschiohtsquellen
917 3383 956 3438 im
970 3382 1139 3440 Mittelalter

124 3454 179 3510 seit
211 3456 261 3510 der
287 3454 370 3510 Mitte
403 3453 452 3508 des
480 3452 661 3508 dreizehnten
684 3453 887 3510 Jahrhunderts
913 3456 981 3511 tom.
1009 3453 1048 3523 ΙΙ,
1077 3458 1139 3512 151.

126 3528 154 3594 8)
177 3522 258 3590 Quod
276 3540 311 3580 ex
329 3541 362 3580 eo
381 3523 478 3595 colligi
495 3527 602 3594 potest,
626 3525 702 3594 quod
719 3523 852 3593 Leyserus
871 3524 901 3578 in
921 3541 1004 3594 opere
1024 3541 1074 3580 suo
1094 3525 1140 3580 cui
