2600 4044
556 235 669 289 LIBER
684 235 735 290 111.
1111 237 1155 301 69

139 398 188 464 Et
210 404 323 462 tanum
343 419 477 462 uxorem
498 420 598 482 quam
619 399 671 461 lex
693 399 756 462 tibi
776 400 943 482 mandpat
965 403 1000 464 et
1022 398 1082 465 dos
1169 418 1210 457 sss

141 487 219 552 Non
243 486 398 550 adamare
419 491 504 550 veto.
548 486 738 551 Iauchbilis
760 493 812 552 est
834 488 1017 572 mouille,

141 576 293 659 Namque
309 579 347 639 ut
362 574 502 639 haberet
518 575 617 640 homo
636 576 700 639 sibi
717 598 779 658 par
796 577 883 660 quod
901 584 1028 642 amaret
1045 578 1095 643 uti
1115 599 1159 662 se,

141 664 358 748 Omniparsus
380 664 522 746 primum
543 664 642 728 insit
662 663 805 728 dormire
827 666 980 748 supinum
986 664 1027 750 ¹),

142 753 190 818 Et
212 753 333 817 tollens
355 774 456 816 unam
478 751 519 815 de
541 753 641 816 costis
664 753 753 817 illius
773 753 879 840 Evam

142 841 297 906 Condidit
318 862 359 904 ex
379 842 467 924 ipsa,
487 841 571 905 fidos
592 841 712 905 idcirce
732 847 885 926 parentes
1172 860 1212 898 eso

140 931 283 1014 Linquet
303 930 403 994 homo
425 934 460 992 et
481 934 576 1014 grate
598 952 634 993 se
656 932 751 994 uxori
772 932 888 1016 iunget
908 934 1068 1015 eruntque

142 1019 217 1084 Una
239 1020 275 1082 in
296 1039 393 1082 carne
415 1017 480 1082 duo
502 1017 654 1102 dulcique
675 1019 827 1084 fruentur
848 1042 969 1085 amore

144 1107 208 1172 Sed
231 1107 319 1191 quod
341 1106 493 1170 adulterii
514 1107 696 1190 dampnosa
717 1109 812 1172 sorde
833 1110 961 1173 volutet

142 1197 187 1261 Se
208 1198 382 1280 quisquam
403 1199 462 1259 aut
483 1197 600 1260 scortis
622 1197 793 1278 inserviat,
815 1198 896 1262 utile
917 1220 985 1262 non
1007 1201 1065 1261 est

13 1361 14 1366 η
142 1285 231 1350 Nam
252 1286 357 1349 bonus
379 1287 414 1348 et
435 1284 565 1367 sapiens
587 1285 638 1348 vir
659 1283 795 1369 Paulus,
817 1292 855 1350 ut
876 1286 938 1350 hoc
959 1285 1158 1370 prohiberet,
1172 1304 1212 1341 ωδ

143 1373 328 1456 Unicuique
352 1395 445 1437 suam
467 1374 630 1437 concessit
651 1371 814 1460 haberes)
859 1374 946 1451 Quid
968 1374 1070 1460 ergo?

142 1462 323 1527 Monachus
347 1466 381 1525 et
402 1465 549 1526 tractans
572 1467 758 1526 sauctorum
781 1467 896 1527 sancta
918 1463 1069 1528 sacerdos

143 1552 365 1616 Assumentne
387 1550 452 1614 sibi
473 1572 547 1614 cum
570 1551 723 1614 libertate
745 1552 903 1616 maritas?

141 1639 365 1725 Nequaquam
414 1638 480 1704 Gur
501 1639 587 1704 hoo?
615 1640 775 1704 ausculta!
819 1639 901 1704 Rem
923 1641 986 1704 tibi
1006 1639 1157 1723 pandam.

143 1728 226 1795 Cum
248 1728 409 1793 Galathas
432 1729 584 1813 civesque
605 1727 731 1811 Ephesi
753 1729 902 1812 civesque
924 1727 1074 1793 Corinthi
1172 1746 1212 1784 τοῦ

144 1817 401 1902 Compluresque
424 1817 509 1881 alios
531 1817 671 1900 cepisset
693 1816 830 1882 subdere
852 1815 985 1882 Christo

141 1907 263 1972 Paulus
287 1928 344 1971 eos
366 1905 496 1970 blandis
518 1906 659 1988 primum
683 1906 779 1970 dictis
802 1906 967 1990 sapienter

141 1995 289 2079 Erudiit,
310 1994 455 2059 validum
477 1996 598 2058 teneris
621 2017 784 2078 apponere
806 2017 926 2079 panem

142 2083 316 2166 Devitans‚
338 2088 437 2147 uteo
460 2084 559 2148 cicius
582 2084 776 2148 transferret
796 2106 909 2148 eorum

141 2173 282 2238 Pectora
303 2173 344 2236 de
367 2173 458 2236 cultu
479 2172 645 2256 fanorum3
667 2195 743 2256 sepe
765 2174 886 2237 etenim
907 2173 947 2236 fit
1172 2189 1211 2228 ³05

142 2262 231 2327 Dum
252 2261 343 2326 rudis
365 2262 401 2325 in
421 2261 526 2324 veteri
547 2261 700 2325 coalescit
721 2262 833 2344 stipite
856 2258 1016 2343 ramus³),

142 2352 234 2416 Aura
256 2350 309 2415 vel
331 2350 423 2414 tenui
445 2353 554 2414 motus
575 2349 693 2415 leviter
714 2350 811 2414 cadit
853 2349 941 2415 Illud

145 2439 328 2504 Ecclesiam
351 2438 456 2502 saneti
478 2438 535 2522 qui
555 2438 745 2522 plantavere
767 2439 931 2503 novellam

142 2528 353 2611 Tractantes‚
375 2528 452 2611 quia
474 2527 636 2610 perfectus
658 2528 698 2591 fit
718 2549 814 2592 nemo
837 2528 984 2610 repente,

141 2616 182 2680 In
204 2616 422 2681 convertendo
445 2618 560 2700 gentes
583 2616 758 2680 simulacra
780 2615 925 2680 colentes
1172 2632 1212 2670 110

84 2766 92 2770 .
143 2705 248 2770 Saxea
269 2706 432 2788 preceptis
453 2704 561 2788 primo
584 2709 661 2768 sunt
682 2705 837 2770 mollibus
858 2703 921 2768 usi.

141 2793 226 2858 Nam
252 2795 325 2878 quis
348 2794 383 2858 in
400 2793 500 2858 idolio
523 2793 641 2858 solitus
664 2798 808 2878 potuque
830 2793 968 2877 ciboque

141 2881 295 2946 Distendi
317 2885 415 2966 atque
437 2881 546 2946 ubivis
569 2881 744 2948 inhonesta
766 2883 886 2947 cubilia
907 2881 991 2945 inire

141 2971 240 3036 Acria
264 2975 393 3036 curaret
415 2971 581 3036 doctorum
605 2971 773 3036 attendere
795 2972 909 3053 verba,

215 3167 267 3217 686
291 3180 314 3217 o.
333 3164 372 3218 ad
389 3179 483 3217 more
581 3167 633 3218 687
657 3179 681 3217 e.
699 3163 827 3233 Namque
845 3163 888 3233 ot]
908 3161 1078 3218 etlittera
1094 3162 1161 3231 post

142 3250 224 3290 erasa
306 3238 360 3289 688
378 3251 402 3288 c.
422 3233 623 3302 omniparens
707 3240 760 3289 693
778 3251 802 3289 c.
821 3236 860 3289 cd
876 3234 972 3288 slusii
1063 3237 1116 3286 toa
1135 3248 1158 3286 c.

141 3323 193 3376 que
211 3322 281 3361 corr.
348 3311 399 3359 ‘112
419 3322 442 3360 e.
460 3305 578 3359 inidolio
647 3310 697 3359 '113
717 3322 740 3360 e.
758 3306 834 3360 cavis
851 3306 885 3359 ut
901 3304 1025 3372 videtur,
1045 3302 1160 3358 cornil

144 3381 196 3431 ⁷14
216 3381 275 3431 oret
293 3374 416 3445 (iuras.)
434 3377 573 3431 dodomm
591 3377 729 3431 mmm
745 3377 828 3431 verbo
846 3391 896 3430 scr.
915 3375 946 3428 M

141 3614 194 3665 649
215 3540 242 3607 1)
261 3536 330 3592 cen.
349 3543 375 3607 s,
394 3539 508 3590 21-24.
581 3536 608 3604 e)
629 3541 642 3588 1
663 3534 725 3590 Cor.
746 3540 771 3603 ⁷,
790 3540 815 3588 2.
892 3535 921 3603 s)
940 3533 991 3590 ov.
1012 3533 1104 3587 Amas
1123 3531 1160 3601 11,

209 3626 250 3677 sq.
