2570 4044
555 197 660 252 sexul
679 197 832 252 AMARCII

352 420 476 492 Incipit
497 421 585 478 liber
607 422 738 491 primus
761 421 857 478 Sexti
878 421 1036 478 Amarcii.

215 547 262 623 '(.)
286 550 472 621 Epilogusds
489 551 647 607 virtutibus
666 551 778 620 patrum
796 551 826 606 et
844 551 1031 620 posteriorum
1049 551 1142 608 viciis.
1152 553 1174 621 ¹)

186 678 288 757 Quem
311 679 548 762 biscaiorum,
572 679 671 742 semel
696 700 735 741 ex
758 678 926 762 genitrice,
950 679 1087 743 secundo

186 768 365 833 Pneumate
389 766 427 831 de
452 770 564 832 sancto
589 766 682 851 regni
706 766 835 831 celestis
859 788 983 851 amore,

146 874 173 916 so
189 854 371 940 corrugare
394 853 526 940 genas²l
550 858 583 919 et
606 876 659 919 eas
683 853 895 938 conspergere
918 854 997 919 fletu

184 943 260 1011 Non
284 945 408 1023 deceat,
432 943 516 1028 quod
540 965 600 1028 que
623 943 787 1027 quondam
810 943 990 1008 fortissima
1013 939 1158 1030 pugna3)

185 1032 354 1098 Virtutum
379 1032 495 1097 stravit
516 1031 692 1096 munimine
715 1053 826 1097 rursus
851 1032 883 1095 in
908 1031 1018 1097 hostes

186 1121 369 1186 Surrexisse
393 1142 484 1186 sacro
508 1120 648 1204 lotisque
671 1121 779 1204 vigere
802 1120 976 1204 triumphis

184 1209 330 1294 Fataque
353 1208 526 1273 victricum
549 1208 633 1274 vicia
655 1205 819 1294 irridere4)
843 1208 1010 1274 videmus?

143 1300 215 1363 soA
238 1302 367 1380 patrum
391 1296 459 1361 vita
482 1300 610 1362 tantum
634 1297 755 1361 distare
778 1296 938 1380 videmur,
978 1335 986 1351 κ

184 1386 323 1452 Occasus
347 1388 503 1470 quantum
526 1385 674 1450 rutilanti
697 1385 798 1450 distat
821 1387 861 1450 ab
886 1391 970 1451 ortu.

184 1473 275 1541 Cana
296 1495 457 1539 venenose
481 1495 593 1538 secura
615 1473 759 1539 libidinis
784 1476 853 1538 etas

182 1563 326 1630 Lumbos
350 1563 546 1628 constrinxit
569 1584 649 1628 zona
673 1563 835 1628 succincta
859 1562 988 1647 pudica,
1052 1596 1061 1650 ;

183 1651 229 1717 At
251 1674 311 1718 nos
335 1652 482 1716 hircosus
505 1651 597 1716 molli
621 1651 835 1718 oblectamine
857 1651 963 1716 flatus.

141 1760 168 1800 aa
182 1741 358 1806 Ructantes
383 1763 477 1806 auras
501 1740 714 1805 suffundimus
739 1743 834 1824 atque
858 1741 973 1805 canino

150 1890 154 1904 ,
181 1829 245 1894 Ore
268 1829 502 1908 remordemus;
526 1833 616 1894 tento
639 1829 798 1912 inspicere
822 1833 897 1894 aera
921 1828 1005 1894 eollo

180 1918 243 1982 Est
268 1939 370 1998 amor,
395 1920 428 1980 et
451 1917 566 1999 cupido
589 1939 737 1981 nummos
763 1917 917 1982 abradere
940 1919 1060 1982 rostro:

181 2005 268 2070 Illud
292 2026 382 2070 more
406 2006 508 2089 gruis,
531 2004 593 2070 hoe
617 2007 705 2070 corvi
728 2026 818 2070 more
841 2006 976 2071 voracis.

181 2093 343 2158 Inservire
366 2093 446 2158 iocis
471 2094 577 2157 avium
600 2094 681 2159 libet
704 2098 737 2158 et
759 2094 954 2176 catulorum,

140 2203 168 2242 ao
181 2182 227 2247 Et
250 2204 334 2274 vana
357 2182 469 2247 extolli
493 2203 675 2246 scurrarum
698 2183 792 2247 laude
815 2182 996 2263 vafrorum,

181 2268 472 2356 Turbidulasquel)
496 2271 600 2335 modis
624 2271 723 2337 variis
747 2293 938 2355 conpescere
962 2293 1063 2336 ouras.

180 2359 272 2425 luter
295 2359 470 2428 avariciam
494 2362 622 2424 constat
644 2359 698 2425 via
721 2361 961 2444 luxuriamque,

181 2446 285 2524 Quam
308 2469 381 2514 raro
405 2448 558 2513 incultam
585 2485 627 2495 -
650 2471 790 2533 namque
813 2447 865 2514 his
890 2448 1000 2513 divina
1023 2449 1176 2515 voluntas

181 2537 284 2603 Grata
306 2536 382 2621 fuit,
405 2559 465 2603 nec
489 2559 544 2602 eos
568 2537 692 2604 domini
714 2541 868 2622 precepta
891 2541 1068 2622 gravarunt
1089 2574 1126 2584 -

249 2753 285 2802 24
299 2749 459 2818 pneumate]
478 2765 498 2802 a
517 2748 735 2818 superscriptum
797 2753 831 2802 26
846 2747 907 2818 que]
924 2747 991 2800 olim
1005 2753 1067 2816 quc,
1086 2764 1198 2802 erasum

178 2823 212 2870 83
235 2817 264 2871 in
287 2818 413 2886 margine
436 2819 567 2873 inferiore
591 2819 723 2888 leguntur
745 2817 853 2872 librarii
881 2835 966 2894 manu
993 2818 1110 2888 scripta:
1140 2819 1197 2874 Sei>

172 2901 224 3009 pei
239 2941 369 3022 ulmader
386 2917 413 2996 eia
433 2942 540 3012 (saneto
555 2941 637 2996 Petro
652 2941 810 2996 Alexander
824 2942 990 3012 monachus)
1048 2947 1082 2996 40
1101 2942 1197 3010 vafro·

177 3028 240 3066 rum
258 3027 289 3064 m
306 3025 403 3066 rasura
475 3018 580 3068 43-62
600 3014 642 3067 ed.
662 3011 797 3068 Herschel
816 3014 834 3069 l.
853 3014 873 3067 l.
892 3031 920 3082 p.
941 3019 974 3068 93

249 3207 275 3276 1)
305 3205 339 3259 cf.
365 3222 427 3260 cum
450 3205 504 3258 hac
527 3205 659 3260 carminis
682 3207 762 3276 parte
786 3206 873 3261 verba
894 3206 1021 3262 Anselmi
1047 3208 1077 3262 in
1104 3206 1195 3276 gestis

175 3278 371 3348 episcoporum
389 3276 531 3332 Leodiens.
548 3294 569 3331 o.
585 3283 619 3332 28
634 3278 719 3344 (Mon.
736 3277 767 3332 G.
784 3278 830 3332 SS.
846 3276 906 3344 VII,
922 3279 999 3348 205):
1019 3295 1035 3333 o
1051 3277 1076 3332 si
1090 3278 1195 3332 nostris

175 3347 350 3419 temporibus
368 3348 427 3402 tam
446 3363 531 3402 aurea
549 3351 664 3416 possent
682 3347 808 3402 revocari
827 3348 939 3402 saecula
959 3391 964 3404 .
981 3391 988 3404 .
1004 3354 1023 3404 ,1
1107 3351 1136 3416 2)
1156 3349 1194 3404 of.

174 3421 240 3476 Hor.
260 3421 282 3475 Ε
306 3461 312 3475 .
331 3418 352 3488 Ι,
372 3425 398 3488 5,
417 3424 459 3474 23.
586 3423 613 3486 3)
630 3418 760 3473 meminit
778 3417 925 3473 Prudentii
943 3417 1194 3489 Psyohomacbiae.

172 3496 203 3615 l)
223 3491 258 3545 cf.
297 3508 338 3545 ac.
354 3490 445 3545 Germ.
463 3494 495 3544 19
514 3488 604 3544 Nemo
625 3491 698 3544 enim
712 3489 771 3544 illio
787 3489 858 3544 vitia
871 3489 952 3544 ridet.
1009 3493 1036 3559 ὅ)
1056 3491 1091 3544 cf.
1106 3491 1194 3544 Prud.

199 3562 277 3631 poth.
297 3566 357 3616 208.
