2600 4044
156 208 200 272 42
526 205 632 262 SEXTI
651 203 804 260 AMARCII

155 370 339 436 Interitum.
384 368 489 433 Pravo
513 369 655 434 divertas
679 369 810 433 tramite
833 369 930 434 malo.

158 459 276 524 Saulus
301 458 341 523 ab
366 458 485 522 erroris
509 457 658 522 discessit
681 457 763 522 calle
788 456 938 522 Damasci

158 545 352 631 Sedavitque
375 544 570 632 strophasl)
617 545 796 611 Tuscorum
819 549 852 610 et
874 544 1129 631 Cecropidamm

102 654 144 695 seo
159 634 269 702 Stoica
292 635 389 700 cessit
411 634 441 699 ei
463 635 557 718 plebs
582 637 679 718 atque
702 634 884 700 academica
907 631 1038 721 sects.²)

155 723 243 789 Hinc
266 746 392 809 quoque
416 721 566 788 Christus
590 725 639 788 ait
662 723 804 788 celorum
827 723 1005 809 clavigero,
1028 745 1125 807 quem

156 812 253 879 Victa
276 817 381 878 morte
404 812 468 878 sibi
491 812 607 878 statuit
629 813 729 876 fidum
753 811 942 895 opilionem,

154 902 254 967 Petro
278 901 317 966 de
342 902 436 966 venia
459 901 665 985 percontanti
687 900 873 982 tribuenda,

156 990 372 1056 Gratianum
394 989 487 1072 venie
510 993 561 1054 ter
584 987 690 1052 danda
713 992 890 1072 quaterque
913 990 1104 1073 propinquis
1112 985 1153 1076 8);

101 1096 142 1137 ass
155 1078 251 1165 „Non
275 1083 402 1144 tanturn
426 1077 501 1161 tibi,
523 1077 633 1158 Petre,
656 1077 752 1142 modo
776 1077 941 1144 dimittere
963 1078 1060 1143 fratri

154 1168 269 1233 Indico
291 1169 418 1233 vicibus
442 1170 581 1250 septem,
604 1187 678 1230 curn
701 1166 877 1250 exorbitat,
900 1167 1000 1231 immo

155 1256 315 1324 Undecies
339 1258 462 1339 septem
486 1256 561 1320 volo
585 1275 777 1320 conservare
801 1276 926 1320 mernor
949 1251 1036 1341 sisf)

155 1345 308 1410 Preterea
329 1365 388 1410 vos
412 1343 548 1428 quispe
572 1342 772 1427 desperando
796 1364 935 1428 superna

155 1433 345 1518 Despicitis,
369 1454 450 1516 quos
474 1436 507 1496 et
530 1452 642 1498 vecors
666 1431 796 1497 inscitia
819 1431 944 1500 Christi

101 1540 143 1579 60⁰
156 1522 269 1588 Efficit
290 1522 498 1601 inmemores,
523 1520 640 1604 audite,
663 1543 786 1605 precor,
808 1521 892 1605 quod
916 1522 952 1585 in
975 1543 1068 1586 aures

155 1610 345 1676 Instillante
369 1610 428 1675 deo
451 1610 551 1675 libuit
574 1609 758 1695 dispergere
781 1607 948 1696 vestras.⁵)

155 1700 218 1765 Est
240 1722 341 1786 prope
366 1698 524 1784 Sydonias
547 1699 625 1763 urbs
648 1699 778 1771 nornine
800 1696 925 1763 Biritus
948 1696 1079 1785 horas⁶)

134 1787 224 1854 'Neo
248 1789 427 1873 longinqua
450 1787 550 1872 Tyro,
573 1787 699 1852 sancita
721 1787 794 1872 lege
817 1786 980 1852 tributum

154 1876 253 1942 Urbis
278 1877 477 1961 sceptrigero
500 1876 685 1960 persolvens
708 1875 921 1959 Antiochene.

100 1982 141 2022 6⁰5
157 1964 219 2030 Hic
243 1986 333 2030 sacre
357 1964 488 2049 quidam
511 1963 704 2049 purgamine
727 1964 867 2030 mundus
892 1966 988 2050 aquai

157 2089 196 2100 -
220 2053 349 2136 Pauper
371 2052 500 2136 quando
524 2051 609 2135 sitit,
631 2073 698 2117 non
722 2074 820 2118 aurea
842 2054 960 2137 pocula
984 2055 1091 2139 querit
1117 2091 1157 2102 -

152 2141 248 2206 Exile
272 2142 457 2225 hospicium
480 2140 589 2224 precio
613 2145 787 2225 mercatus,
810 2143 845 2206 in
867 2143 925 2207 illo

153 2229 308 2316 Effigiem
331 2228 406 2295 Iesu
428 2229 504 2295 lecti
527 2231 661 2313 propter
684 2231 863 2295 stacionem

154 2317 241 2383 Fixit
265 2323 298 2384 et
320 2318 478 2384 archarios
503 2318 627 2383 studuit
648 2323 776 2384 ructare
800 2325 959 2405 precatus.

99 2425 141 2464 ⁶10
154 2408 234 2474 Post
257 2409 318 2473 heo
341 2407 467 2472 diviciis
490 2407 689 2473 undantibus
713 2412 786 2474 arta
808 2409 935 2495 potenti

154 2497 375 2581 Proveotoque
398 2497 467 2562 viro
491 2518 566 2562 oasa
589 2518 648 2582 pro
672 2497 807 2562 minimo
831 2497 905 2579 luit,
928 2501 966 2562 ut
989 2497 1036 2563 fit

155 2584 281 2651 Stultus
305 2590 338 2651 et
359 2587 548 2652 inconstans
571 2585 677 2650 inhiat
700 2586 786 2671 quod
809 2607 875 2651 non
897 2586 1010 2671 habet,
1034 2587 1097 2651 hoc
1120 2588 1150 2651 si

153 2672 258 2739 Detur
281 2675 324 2759 ei,
348 2679 490 2760 spernat;
517 2675 666 2740 dominus
690 2696 817 2759 qnoque
841 2675 909 2740 sive
932 2675 1090 2759 magister

155 2760 330 2844 Suspectus
353 2785 487 2847 presens
509 2764 615 2828 bonus
638 2767 688 2829 est
712 2767 745 2828 et
767 2767 940 2828 strennuus
964 2764 1091 2829 absens.

83 2867 139 2938 ¹o1s
154 2849 230 2914 Mox
253 2851 449 2916 utensilibus
472 2853 596 2917 maiora
620 2851 660 2916 ad
684 2852 792 2935 menia
814 2851 918 2936 raptis

153 2938 318 3003 Inmemor
340 2940 478 3003 excessit
500 2940 601 3004 solius
625 2937 808 3027 virginis⁷);
830 2941 892 3005 hoc
916 2941 962 3005 sic
1049 3017 1055 3029 Ι

225 3171 277 3221 589
297 3183 319 3221 c.
339 3165 540 3234 cetroptdurum
626 3170 678 3221 593
697 3183 720 3222 c.
740 3167 854 3223 muenia
937 3170 988 3224 603
1008 3183 1031 3223 o.
1049 3168 1173 3224 scrrrtitu

154 3279 368 3288 ——--——-—

227 3365 253 3431 1)
274 3363 346 3417 Acta
365 3377 409 3430 ap.
429 3366 454 3428 9,
474 3367 499 3417 3.
521 3365 562 3414 19.
637 3363 664 3429 2)
683 3360 756 3416 Aeta
774 3378 819 3431 ap.
841 3366 883 3429 1⁷,
904 3365 945 3416 18.
1019 3362 1047 3432 8)
1065 3363 1170 3417 Matth.

155 3439 197 3498 18,
217 3439 259 3488 21.
328 3435 356 3502 4)
375 3433 475 3489 Matth.
497 3438 538 3500 18,
557 3436 601 3487 22.
667 3433 694 3502 b)
713 3432 879 3486 Miraculum
899 3431 1043 3502 sanguinis
1063 3433 1172 3488 domini

154 3505 307 3573 Berytense
325 3503 398 3574 apud
415 3504 507 3557 Manui
524 3519 598 3557 nova
617 3503 798 3557 conciliorum
818 3502 949 3558 collectio
965 3502 1039 3571 XIII,
1053 3509 1170 3560 23-80.

154 3578 181 3640 6)
199 3576 218 3631 i.
238 3591 261 3629 e.
281 3591 351 3630 oras.
424 3579 451 3643 1)
471 3575 489 3630 i.
509 3591 532 3629 e.
551 3573 682 3628 crucifixi.
