2600 4044
531 201 642 255 LIBER
659 202 708 258 Ill.
1087 205 1129 268 51

112 365 280 442 Reddunt,
302 385 422 428 aurora
443 365 604 447 premissa
626 365 678 429 sol
700 365 874 429 rutilantes

115 453 301 519 Produoeus
324 453 434 516 radios
454 457 632 518 nocturnas
654 453 779 537 depulit
801 455 945 518 umbras

113 543 179 607 Hic
201 541 353 606 Beradou
374 541 495 606 clamat
515 542 655 624 „Vieoff
675 543 921 628 ingeminatque
942 564 1002 628 per
1023 545 1105 609 echo

110 629 231 714 „Vivo‚
251 652 313 695 nec
334 629 455 694 infesta
477 652 538 694 eeu
559 634 669 696 cetera
690 631 824 696 condita
845 632 948 714 pubes
1145 653 1184 691 is

111 718 220 786 Morte
243 719 366 784 cubans
388 719 537 803 gravor.“
579 718 668 784 Hinc
689 721 863 804 stupefacti
884 723 1109 804 pretereuntes

114 811 293 874 Accurrere
315 808 439 872 ahares
461 813 495 871 et
517 807 622 873 adhuc
644 810 770 892 spirare
791 809 939 874 ridentes

111 897 142 962 E
164 897 256 961 fossa
277 895 403 961 adnexo
425 897 503 961 fune
525 898 674 981 eripuere
695 898 869 962 misellum

110 984 199 1050 Huic
220 985 384 1068 predictus
404 985 503 1049 herus
524 987 703 1070 multisque
725 987 888 1070 stipendia
909 985 1012 1050 fertur

113 1073 346 1157 suppeditasse
368 1073 452 1138 aliis
496 1074 632 1140 Factum
652 1075 716 1142 hoc
738 1097 851 1140 omnes
873 1075 996 1140 imitari
1144 1098 1183 1135 iso

112 1161 328 1228 Christicolas
355 1163 480 1227 -hoc
503 1165 591 1228 euim
612 1164 680 1228 vite
703 1164 834 1229 deducit
856 1163 898 1228 ad
919 1163 1029 1228 aulam
1053 1199 1093 1210 -

109 1251 249 1330 Hortor,
269 1273 348 1316 nam
371 1252 492 1335 capiet,
513 1253 616 1316 veluti
636 1254 785 1338 porrigo,
807 1262 939 1318 tenaces

109 1339 252 1425 Inferna,
273 1344 310 1404 at
332 1340 458 1404 domini
479 1341 609 1405 celestis
631 1341 720 1406 curia
741 1343 866 1427 largos,

113 1429 266 1512 Quosque
289 1429 404 1494 docere
425 1433 536 1512 potest
557 1451 743 1494 memorans
766 1431 806 1495 de
829 1431 929 1495 divite
950 1427 1099 1516 Lucas¹)

111 1515 228 1601 Sepius
250 1517 425 1582 emendant
444 1517 612 1583 incautum
634 1519 778 1602 dampna
800 1516 953 1604 aliena²),
1143 1541 1182 1580 is

109 1606 395 1692 Flammarumque
417 1607 504 1690 mine
527 1607 635 1672 vicino
658 1607 792 1673 ardente
814 1604 1014 1692 timentur.³)

109 1695 200 1780 Ergo
224 1717 403 1777 canemus,
424 1717 466 1760 ne
487 1717 549 1761 nos
572 1696 719 1761 involvat
741 1719 858 1762 avaros

108 1783 236 1849 Vortex
257 1783 446 1867 Tartareus,
469 1784 528 1848 sed
549 1785 711 1849 luxuriam
733 1785 895 1870 fugientes

109 1870 446 1958 Mammoneamque⁴)
469 1874 574 1938 aciem
595 1874 696 1938 faciat
717 1896 856 1958 pausare
878 1896 937 1959 per
960 1896 1055 1940 evum

109 1961 319 2026 Altithronus
341 1965 461 2046 rector,
484 1961 537 2026 cui
559 1983 696 2048 reguum
720 1967 754 2028 et
775 1964 883 2049 gloria
905 1985 1030 2048 perpes.
1141 1985 1180 2024 ico

109 2048 158 2115 De
182 2051 281 2114 dandi
302 2051 424 2114 virtute
446 2073 564 2134 parum
586 2052 698 2116 videor
720 2053 897 2136 monuisse,

110 2137 282 2205 Sufficiant
303 2146 414 2205 tamen
436 2139 496 2206 hec
518 2140 731 2223 prudentibus
753 2146 851 2226 atque
873 2141 1041 2208 modestis.

232 2472 291 2541 (ΙΙ.)
314 2473 354 2529 De
372 2486 404 2528 eo
422 2473 497 2542 quod
514 2473 599 2528 valde
617 2473 805 2528 mutandum
823 2474 864 2529 sit
880 2473 1001 2529 libidini.

107 2578 193 2646 Cede
215 2582 386 2667 pudicitie,
408 2584 474 2648 iam
498 2584 587 2666 cede,
609 2582 749 2668 profana
771 2581 921 2669 libido⁵),

105 2669 227 2754 Prepes
250 2671 318 2756 abi,
340 2676 414 2756 pete
437 2673 532 2738 triste
555 2672 669 2752 chaos,
691 2672 851 2758 mergaris
874 2673 1007 2758 abysso,

104 2759 317 2825 Ambrosiam
338 2761 461 2844 pollere
484 2761 598 2826 ducem
620 2762 704 2845 sine,
727 2761 767 2826 ad
790 2761 924 2826 horrida
946 2763 1027 2828 vade
1136 2781 1175 2822 12⁵

104 2846 242 2913 Tartara
264 2854 298 2914 et
321 2872 475 2916 evanesce
497 2850 587 2916 velut
610 2853 748 2916 ventosa
770 2850 899 2934 favilla,

102 2935 178 3002 Neu
202 2937 333 3003 studeas
355 2939 478 3024 populo
502 2943 632 3024 gratam
654 2943 687 3004 te
710 2939 863 3005 adhibere
884 2940 987 3024 fideli,

102 3024 191 3090 Feda
213 3027 298 3110 lues,
320 3051 380 3094 nec
403 3030 489 3092 enim
511 3029 644 3094 domino
666 3028 730 3094 fide
754 3028 888 3094 sociasti

102 3112 182 3178 Non
204 3115 332 3180 modica
355 3116 512 3183 Sodomae
536 3121 715 3202 operatua
737 3121 817 3183 vota
839 3122 1019 3203 sequentes.

177 3329 227 3380 183
247 3341 270 3380 c.
289 3327 399 3382 άοηιίηο
473 3331 524 3381 187
544 3345 566 3382 c.
586 3343 669 3382 nenos
742 3331 793 3380 190
813 3342 835 3382 c.
855 3328 1040 3384 altithronus

176 3506 202 3568 1)
221 3504 289 3558 Luc.
310 3509 351 3570 18,
372 3510 405 3559 18
415 3522 456 3572 sq.
547 3509 574 3573 2)
593 3503 660 3559 Hor.
680 3503 729 3574 Ep.
749 3503 770 3571 I,
791 3508 833 3572 18,
853 3510 895 3559 77.
987 3506 1014 3572 3)
1038 3504 1076 3560 ib.
1096 3504 1117 3574 i,

102 3580 145 3644 18,
165 3580 209 3630 84.
282 3580 309 3641 4)
330 3575 364 3628 cf.
383 3574 466 3629 Prud.
485 3575 610 3630 Hamart.
629 3580 690 3629 428.
763 3578 790 3645 o)
808 3575 891 3630 Prud.
911 3577 963 3644 Ap.
984 3580 1044 3630 1⁸18.

919 3663 958 3718 4*
