2570 4044
157 177 180 242 4
523 177 632 232 sexui
650 176 805 233 eunucu

159 339 358 424 Simpliciter
377 339 449 424 quis
468 339 559 424 agit?
582 339 682 404 nichil
703 343 761 424 est,
783 339 889 405 malus
907 340 1039 406 intonat
1057 342 1179 428 omnis,

158 429 283 512 Quique
305 428 418 512 lupum
441 428 531 513 vivit,
554 431 689 494 cunctos
713 429 837 494 similes
861 429 925 494 sibi
948 430 1057 496 credit.

157 517 200 582 Ei
223 516 319 582 mihil
342 515 385 582 ad
406 515 569 581 infernum
591 521 682 583 totus
704 518 802 583 modo
825 517 1082 584 cursitat'orbis.

157 605 250 670 Felix
273 605 326 671 cui
348 604 478 671 dabitur
501 602 624 691 Stigias
646 627 714 671 non
736 607 821 671 ferre
843 607 1002 691 latebras,

119 712 145 751 8⁰
159 693 205 759 nt
227 692 458 779 Flegetonteos
482 694 616 760 evadere
639 694 754 778 celitus
776 695 884 778 ignea!

158 781 250 848 Felix
273 803 368 867 quem
390 782 519 849 tristem
542 804 653 848 manes
677 784 863 849 Acheronta
886 782 1060 870 colentes¹)

158 869 235 937 Non
258 871 473 937 detentabunt
494 893 555 936 neo
577 870 667 936 lurco
690 872 820 938 vorabit
844 873 1003 938 Avernus!

159 957 253 1025 Circa
276 967 476 1027 momentum
499 959 680 1025 mundanus
705 961 776 1026 abit
798 960 904 1044 dolor,
927 961 995 1026 illio

158 1047 273 1114 Eterni
297 1049 418 1132 luctus,
440 1069 499 1112 nec
522 1052 651 1113 cessant
673 1048 807 1114 stridere
829 1049 950 1114 dentes.

585 1226 746 1236 ——u————-

213 1359 268 1432 (11.)
291 1360 331 1416 De
349 1373 381 1416 oo
400 1361 474 1428 quod
491 1361 620 1418 avaricia
636 1362 716 1430 leges
735 1363 765 1418 et
783 1364 944 1420 motiones
962 1364 1121 1423 subvertat.

119 1506 145 1546 aa
160 1486 231 1564 Quo
254 1490 342 1552 terre
364 1508 472 1573 reges,
496 1490 624 1574 argenti
647 1489 800 1572 splendor
822 1494 855 1555 et
879 1491 961 1576 auri,

158 1575 363 1662 Pracipites?
408 1575 494 1651 Quid
514 1583 658 1643 rectores
681 1578 795 1643 mundi
816 1578 905 1644 illice
928 1580 1035 1645 forma

158 1664 311 1732 Hortaris
334 1666 460 1730 nescire
484 1667 600 1732 deum?
647 1665 731 1744 Quid
754 1667 835 1732 lucis
857 1665 1040 1754 alumnos²)

159 1753 330 1838 Perpetuis
353 1775 445 1819 ceoas
467 1755 635 1821 tenebris?
681 1756 727 1820 Te
749 1756 840 1841 regia
863 1758 925 1840 oeli

159 1841 383 1925 Verarumque
405 1842 495 1908 locus
518 1844 665 1928 precellit
687 1843 889 1927 deliciarum,

121 1949 147 1988 oo
160 1928 317 1994 Mellifluo
340 1929 478 1995 rutilans
501 1952 559 2016 per
581 1935 735 2015 tempora
753 1936 870 1998 cuncta
892 1934 1014 2000 nitore!
1083 1933 1086 1948 ¹

160 2017 255 2082 Unde
279 2017 375 2083 modo
398 2018 552 2103 incipiam
575 2019 613 2084 de
635 2021 748 2086 mundi
769 2021 971 2106 principibus
995 2024 1050 2108 qui

160 2105 279 2190 Turpis
301 2107 440 2190 avaricie
465 2108 619 2172 vexillum
642 2108 727 2177 ferre
749 2109 921 2175 videntur?

159 2194 246 2259 Pone
269 2198 385 2279 potens
409 2196 513 2261 omnis
536 2197 727 2262 temerarius
750 2199 875 2264 aomina
897 2199 985 2266 facto

159 2281 284 2347 Dedere
307 2283 492 2348 munificam
515 2285 581 2351 leto
606 2286 719 2372 gliscit
739 2287 914 2371 rationem,

121 2389 147 2430 aa
162 2369 232 2436 Neo
254 2372 413 2438 trutinam
436 2373 531 2438 iudex
555 2396 638 2458 equo
662 2374 847 2440 discrimine
870 2377 978 2442 librat.

159 2459 253 2526 Illinc
275 2460 403 2545 iusticie
426 2461 531 2547 sedes,
554 2464 632 2528 hino
654 2465 756 2530 sessio
780 2484 916 2548 gemme.

161 2547 224 2614 Sed
246 2552 318 2615 toto
342 2551 457 2616 obtutu
480 2573 683 2638 gemmarum
707 2553 749 2618 ad
771 2552 890 2638 gaudia
913 2553 978 2618 fixo

159 2636 250 2702 Naso
275 2638 476 2727 suspendit³)
500 2642 621 2707 camiro
643 2643 723 2707 iusti
747 2643 931 2707 stationem.

161 2724 248 2790 Illud
271 2731 474 2809 pertractans
499 2731 608 2795 animo
631 2729 841 2795 Hieronimus
865 2731 984 2816 inquit:

109 2831 150 2870 roo
163 2811 334 2894 „Omnium
357 2817 495 2881 avaritia
518 2821 569 2882 est
591 2821 697 2883 mater
718 2817 873 2902 radixque
896 2818 1118 2907 malorum.“⁴)

162 2900 268 2977 Quam
290 2905 377 2968 reete
399 2905 557 2969 intonuit!
586 2926 725 2989 namque
752 2905 815 2972 hae
839 2908 994 2973 suadente
1017 2910 1179 2995 magistra

235 3099 267 3149 Π
288 3108 324 3146 an
342 3093 443 3163 lupata?
498 3099 531 3149 82
552 3112 574 3150 o.
594 3097 627 3152 de
644 3097 788 3152 tentatum
842 3104 875 3153 97
895 3116 918 3155 o.
938 3101 971 3156 ob
990 3105 1053 3158 tutu
1106 3103 1177 3174 fixo]

160 3180 197 3220 ao
215 3164 245 3218 in
262 3163 387 3233 macula,
405 3165 524 3221 fortasse
542 3183 584 3222 aa
602 3167 738 3237 seriptum

161 3277 375 3285 ——--—-

234 3326 260 3392 1)
283 3324 353 3378 Aen.
372 3323 406 3393 V,
426 3330 469 3380 99.
573 3329 601 3394 2)
623 3327 706 3381 Prud.
725 3328 826 3384 Periat.
844 3329 879 3397 ΙΙ,
895 3334 955 3386 aot.
1059 3332 1086 3400 3)
1109 3331 1177 3386 Hor.

162 3394 219 3450 Sat.
239 3395 260 3463 Ι,
279 3402 304 3465 6,
323 3399 348 3450 ὅ.
372 3396 406 3464 ΙΙ,
422 3400 447 3463 8,
462 3400 504 3452 64.
581 3399 610 3465 4)
630 3398 740 3454 Hieron.
760 3400 803 3454 ed.
823 3399 941 3455 Vellera.
962 3400 1075 3469 (Veron.
1096 3405 1177 3473 1⁷34)

161 3465 289 3592 {3327AE
302 3467 395 3537 (epist.
412 3465 512 3523 CXXV
526 3467 563 3523 ad
577 3467 735 3538 Rusticum)
754 3472 783 3524 et
796 3470 877 3524 radix
896 3471 1022 3526 omnium
1040 3472 1177 3530 malorum
