2600 4044
168 169 211 234 82
537 169 644 225 SEXTI
662 169 816 227 ananan

167 329 270 396 Lucet
291 353 358 397 non
382 332 498 397 ardens
520 332 607 398 bona
630 339 684 417 qui
707 334 855 418 loquitur
879 336 961 400 male
984 337 1104 402 vivens.

168 417 231 484 Sed
253 420 317 484 fari
339 420 426 487 bona
449 443 522 486 cum
545 421 636 487 vivas
660 424 759 505 male,
781 423 925 506 pessima
947 446 999 490 res
1022 429 1083 492 est.

115 529 154 569 100
168 507 372 575 Prestantem
395 508 545 575 Scithicis
568 513 603 576 in
624 511 744 576 finibus
768 532 838 576 esse
862 513 1069 598 smaragdum
1077 513 1116 600 1),
1134 525 1183 584 IV.

168 596 278 681 Atque
300 598 348 663 ibi
372 599 472 684 grifes
496 621 567 664 eam
591 602 774 664 memorant
797 621 927 666 servare
950 602 1081 668 feroces.

167 685 231 750 Hic
254 686 339 771 lapis
363 690 414 752 est
438 687 564 771 viridis,
588 688 773 754 circumfert
795 710 871 754 aera
894 690 1009 755 sudum

169 773 240 851 Qua
262 775 360 858 iacet,
383 779 528 841 astantes
553 798 623 841 sese
648 777 857 862 speculantur
879 779 914 842 in
935 776 1034 864 inoff)

168 861 229 928 Ille
252 863 314 928 fide
337 865 457 930 virides
480 864 615 949 prefert,
637 865 713 930 huic
736 866 864 932 additus
888 889 955 951 aer,

116 971 154 1013 rus
167 948 215 1016 Ut
239 953 384 1037 quisquis
408 953 470 1036 celi
493 953 658 1018 dominum
682 955 838 1020 credendo
861 956 996 1040 fatetur,

167 1040 248 1106 Alta
271 1042 339 1126 poli
363 1063 471 1107 secum
494 1042 620 1106 sincero
644 1044 740 1108 corde
763 1044 896 1109 volutet

168 1128 366 1196 Sardonicen
387 1131 494 1215 pingit
516 1131 639 1214 species
664 1131 790 1197 diversa
813 1128 990 1218 colorum³)
1148 1144 1184 1200 V.
1279 1154 1280 1182 ¹

167 1217 231 1283 Hic
253 1213 339 1303 lapis
362 1223 413 1284 est
435 1219 569 1303 rubeus,
591 1220 719 1302 nivens,
742 1221 842 1306 niger.
887 1219 1015 1286 Iudicat
1037 1222 1127 1306 illos,

167 1306 327 1393 Denigrat
350 1329 430 1392 quos
453 1330 545 1373 mens
567 1305 747 1395 humilis4),
770 1332 861 1374 mens
886 1313 974 1374 easta
997 1310 1142 1396 dealbat,

118 1396 215 1461 nuEt
238 1396 294 1480 qui
316 1418 382 1461 non
406 1397 557 1461 dubitant
579 1401 718 1462 mortem
740 1418 800 1481 pro
823 1397 923 1462 fratre
946 1399 1063 1465 subire.

170 1484 302 1550 Sardius
325 1490 376 1550 est
398 1487 495 1569 rubre
519 1485 634 1551 similis
657 1485 785 1572 terre.⁵)
830 1485 935 1551 Notat
958 1487 1047 1570 illos,
1133 1498 1183 1554 VI.

170 1575 232 1651 Qui
256 1596 330 1639 cum
354 1575 419 1640 sint
441 1575 610 1640 hominum
633 1575 772 1659 preclari
794 1575 946 1640 laudibus
969 1576 1046 1662 ipsi,

170 1662 350 1748 Tamquam
372 1686 430 1730 vas
453 1664 548 1748 figuli
571 1685 604 1728 se
627 1666 771 1728 tractant
793 1684 862 1728 esse
886 1664 1031 1731 caducos.

170 1752 343 1818 Griselitus
367 1753 498 1837 proprio
522 1752 670 1837 splendet
692 1751 929 1836 pulcherrimus
952 1774 1030 1818 auro
1121 1764 1185 1819 VII.

116 1861 155 1902 115
170 1839 337 1906 Scintillas
361 1838 530 1927 emittit⁶);
554 1845 587 1905 et
609 1840 664 1906 hic
686 1844 846 1906 monstrat
869 1841 1031 1925 sepientes

168 1929 271 1995 Verbi
295 1930 454 1995 scintillas
476 1930 511 1993 in
533 1929 671 1993 fratrum
696 1930 792 1994 corda
816 1934 990 1995 vomentes.

168 2017 300 2098 Pallene
325 2022 421 2102 atque
443 2023 550 2082 virens
573 2017 659 2082 valet
681 2018 742 2082 hos
766 2018 896 2102 signare
918 2015 1183 2106 berillus⁷),V111.

170 2107 233 2184 Qui
256 2107 401 2172 bonitate
424 2107 543 2191 virent,
566 2106 684 2170 humili
706 2106 763 2171 sed
784 2111 914 2190 pectere
937 2109 1070 2191 pallent.

172 2196 293 2261 Albens
316 2198 413 2279 atque
435 2196 556 2260 rubens
579 2195 755 2280 viridisque
778 2197 925 2280 topazius
948 2196 983 2262 in
1007 2219 1042 2262 se
1134 2208 1184 2264 IX.

118 2307 157 2346 120
172 2285 299 2350 Dicitur
321 2285 523 2350 omnimodos
546 2282 692 2368 lapidum
716 2284 866 2350 cohibere
883 2283 1055 2370 ,colores.⁸)

171 2373 289 2461 Signat
311 2396 366 2440 eos
389 2375 512 2440 cunctis
536 2373 648 2458 quise
673 2373 846 2439 virtutibus
870 2376 993 2457 aptant.

170 2461 414 2548 Grisoprasrum
436 2463 549 2530 viridis
572 2463 778 2528 commendat
801 2466 834 2528 et
857 2484 954 2528 aurea
976 2459 1123 2548 forma.⁹)
1148 2473 1183 2529 Χ.

170 2553 258 2629 Quos
282 2554 367 2638 lapis
390 2555 453 2618 iste
476 2553 589 2635 refert,
611 2552 675 2616 nisi
700 2554 755 2638 qui
778 2552 912 2616 credunt
935 2551 1119 2635 sapienter?

170 2640 331 2707 Iacinctus
354 2642 490 2727 lymphe
513 2641 603 2707 radic
628 2641 706 2706 solis
731 2638 925 2726 decorate¹⁰)
1133 2649 1183 2706 XI.

118 2747 157 2788 125
172 2729 354 2796 Persimilir
378 2732 528 2818 designat
552 2753 607 2796 eos
632 2731 687 2814 qui
710 2731 744 2794 in
766 2729 916 2794 fluctibus
940 2728 1011 2793 istis

171 2817 281 2883 Solem
304 2818 431 2902 iusticie
456 2823 588 2904 gestant
610 2825 644 2883 in
666 2822 796 2903 pectore
821 2839 955 2901 semper.

151 2905 273 2990 ,Quam
297 2907 390 2990 ponit
412 2908 553 2992 prudens
578 2909 764 2973 ametistum
786 2907 820 2970 in
843 2907 908 2971 fine
931 2905 1092 2970 Iohannes
1119 2914 1183 2970 ΧΠ.

243 3141 293 3192 106
312 3135 393 3208 Atra]
414 3138 441 3191 A
460 3154 512 3193 scr.
532 3136 561 3190 Μ
624 3141 677 3192 127
692 3134 843 3206 Iohannes]
863 3149 885 3188 c.
905 3134 964 3189 caue

168 3264 381 3274 *ῆι-...-

242 3335 268 3400 1)
287 3329 358 3385 Prin.
378 3337 421 3399 ar,
440 3336 466 3400 c,
486 3336 528 3388 es.
600 3331 628 3401 a)
648 3329 718 3386 Plin.
739 3335 782 3396 er,
802 3334 827 3396 a,
845 3333 888 3383 ee.
957 3329 984 3395 a)
1002 3326 1072 3380 Plin.
1092 3332 1181 3408 eus,

169 3404 202 3456 86
213 3417 254 3469 sq.
313 3400 644 3472 4)Prud.1’sch.1as.
703 3404 731 3472 δ)
750 3399 820 3456 Plin.
840 3406 882 3465 37,
902 3403 926 3465 7,
948 3403 1006 3452 105.
1061 3398 1089 3466 6)
1106 3395 1180 3453 Phn.

169 3476 212 3538 ar,
232 3477 257 3538 e,
278 3477 337 3526 rae.
429 3475 456 3540 r)
480 3423 551 3530 Pfin.
571 3479 614 3542 ar,
633 3478 658 3542 c,
679 3478 720 3530 re.
811 3471 838 3538 e)
856 3467 928 3523 Ptin.
948 3474 992 3537 aa,
1011 3473 1036 3536 e,
1057 3472 1106 3522 10⁷
1118 3486 1181 3538 sqq.

168 3541 195 3608 e>
214 3539 286 3598 Prin.
307 3546 350 3609 ar,
370 3548 394 3608 s,
414 3547 457 3598 rr.
531 3544 574 3610 10)
594 3543 665 3600 Plu.
685 3546 728 3610 ar.
747 3547 772 3608 a,
793 3544 894 3606 rassq.
