2600 4044
520 179 696 236 mmm.
1076 182 1119 247 ὣ

100 360 159 430 (V.)
187 357 227 413 De
245 356 376 412 50700050
400 357 516 424 docente
540 357 770 425 quodomnium
789 358 911 414 caritate
930 358 1043 415 condita
1061 359 1119 415 sint

397 429 426 484 05
445 428 475 484 in
493 442 527 484 ea
545 429 703 484 consistent
722 429 820 484 omnic.

103 539 230 604 Parvus
255 558 316 622 ego
339 536 420 621 vidi,
444 541 531 602 certa
555 539 581 602 si
604 543 711 603 mente
734 538 896 623 recordor,

100 627 309 711 Eutropium,
332 626 371 690 de
395 648 459 710 quo
483 627 708 692 memorabant
731 631 809 702 tunc
832 628 916 710 quod
939 628 974 692 in
997 629 1065 694 eius

103 716 240 782 Pectore
263 736 357 780 verus
383 736 474 779 amor
498 717 704 800 consisteret,
727 716 919 782 illecebrosa

104 805 224 870 Omnia
246 807 412 886 respueret
435 804 551 869 solitus
576 804 621 868 sic
644 804 761 869 dicere:
784 803 935 888 „Fratres

102 892 312 959 scismaticos
336 892 441 975 fugite
464 897 498 956 05
520 893 645 958 vinctos
670 893 878 958 anathemate
904 894 950 958 sic
972 915 1052 958 ne·
1131 910 1172 952 eu
1236 934 1241 943 -

102 981 167 1046 Vel
190 981 318 1046 dicatis:
342 1002 409 1045 ave.
455 980 545 1046 Fidei
569 982 663 1046 sociis
688 982 763 1047 date
786 981 886 1064 fedus.

101 1069 222 1134 Federc
246 1071 293 1134 nil
316 1069 446 1152 melius,
469 1070 621 1134 consistit
643 1069 750 1135 federe
773 1069 941 1136 mundus.“

74 1201 78 1212 ι
101 1158 172 1242 Heu
196 1180 270 1223 cum
293 1157 460 1238 discipulis
483 1159 617 1223 iteraret
640 1159 783 1241 sedulus,
807 1181 889 1224 unus

103 1247 157 1312 Ex
179 1247 245 1311 illis
269 1247 315 1312 ait
332 1245 428 1331 ·‚‚Hoc
449 1247 559 1331 nobis,
581 1250 675 1331 pater
698 1248 834 1332 optime,
857 1248 949 1314 fedus

100 1335 271 1419 Exprime‚
295 1357 358 1419 quo
381 1335 519 1400 mundus
544 1337 717 1401 concordat
739 1337 868 1402 iunctus
878 1335 905 1400 !“
949 1335 995 1401 Et
1017 1337 1087 1402 ille:
1130 1353 1170 1394 550

99 1421 191 1509 „Hoc
213 1424 305 1488 fedus
329 1424 406 1488 deus
430 1428 494 1505 est,
519 1424 588 1489 sine
613 1446 676 1509 quo
700 1425 822 1490 factum
845 1425 960 1510 nichil;
983 1425 1055 1510 ipse

100 1513 227 1580 Cuncta
249 1513 283 1576 in
307 1513 480 1596 principio,
505 1511 623 1577 Genesi
645 1517 801 1596 testante,
824 1516 958 1579 creavit:

102 1601 304 1686 Degenerem
328 1602 396 1665 sine
419 1602 490 1666 luce
513 1602 639 1685 polum,
662 1602 730 1666 sine
754 1603 898 1686 germine
922 1606 1041 1687 terras,

100 1689 287 1776 Stagnaque
309 1690 465 1776 legitimis
489 1690 632 1754 nondum
656 1692 820 1756 currentia
841 1691 931 1775 ripis.

101 1779 191 1844 Tunc
214 1779 403 1844 inmortales
426 1779 667 1863 invisibilesque
692 1783 837 1844 catervas
1127 1796 1167 1837 505

102 1867 281 1952 Spirituum
304 1867 374 1932 fieri
396 1868 506 1950 iussit,
530 1868 586 1932 sed
610 1867 750 1952 qualiter
771 1867 848 1932 illos

102 1955 304 2040 Condiderit‚
326 1978 393 2021 non
417 1961 467 2021 est
489 1956 657 2022 hominum
681 1956 913 2041 conprendere,
937 1958 1024 2023 solus

100 2043 137 2109 Id
160 2045 264 2110 factor
284 2047 390 2128 novit,
414 2045 608 2109 credendum
631 2049 682 2111 est
705 2046 842 2129 denique
865 2045 998 2111 factos.“

99 2132 189 2218 „Qua
211 2133 378 2199 00510001α
421 2133 545 2218 „Deum
568 2139 677 2218 preter
701 2138 778 2198 sunt
801 2135 911 2199 omnia
932 2135 1027 2202 facta.

102 2221 219 2287 Omnia
243 2223 441 2308 senticeta,
464 2222 570 2287 factor
593 2245 659 2287 non
681 2222 786 2288 factus
810 2223 957 2290 habetur.
1126 2238 1167 2280 590

100 2310 171 2376 Ηο0
196 2315 305 2376 autem
328 2311 418 2394 fecit,
442 2333 505 2395 quo
531 2333 564 2375 se
587 2333 645 2395 per
670 2312 778 2376 secula
801 2317 918 2377 cuncta

98 2399 298 2484 Laudarent,
320 2400 411 2485 digni
435 2400 578 2464 divinum
603 2421 732 2464 cernere
755 2400 890 2465 vultum.
898 2397 923 2484 ¹)

100 2489 163 2565 Qui
185 2489 268 2553 tales
291 2494 426 2571 potuere
449 2493 560 2552 tamen
583 2510 728 2572 peccare,
752 2488 910 2570 superbus

99 2577 212 2642 Donec
232 2577 357 2642 siderea
378 2577 518 2643 fratrum
542 2577 668 2642 delator
692 2577 733 2642 ab
758 2577 833 2641 aula

99 2665 262 2749 Concidit,
285 2689 325 2730 ex
347 2667 416 2732 eius
440 2666 536 2732 modo
561 2667 733 2750 spirituum
757 2664 890 2750 agmina
911 2665 1008 2748 lapsu
1126 2683 1166 2724 505

99 2753 299 2820 Confirmata
321 2755 400 2820 mali
422 2759 596 2839 nequeunt·
609 2754 810 2820 committere
834 2754 1021 2840 quicquam,

96 2843 184 2909 Nam
208 2844 350 2908 custodit
373 2867 428 2909 eos
451 2844 555 2928 pictas
578 2843 683 2910 livore
705 2847 842 2908 remoto.

170 3039 312 3092 571-577
331 3036 375 3092 ed.
394 3035 531 3091 Herschel
548 3036 567 3091 L
586 3035 605 3092 l.
624 3054 651 3106 p.
668 3041 732 3105 1233
751 3040 892 3092 571-681
912 3036 957 3091 ed.
970 3034 1113 3106 Biidinger

98 3107 118 3166 1.
137 3107 155 3161 l.
174 3125 201 3176 p.
221 3112 256 3161 26
267 3124 306 3175 sq.
389 3111 442 3162 573
460 3107 506 3162 ille
524 3107 680 3230 cebrosa]Bc
698 3124 731 3161 ex
750 3107 760 3161 l
778 3123 846 3164 corr.
928 3111 980 3162 574
998 3106 1112 3178 fratrer]

98 3195 122 3234 c.
141 3193 157 3234 0
175 3177 291 3246 fratres,
314 3178 402 3233 odel.
422 3177 641 3248 Wattenbach(
665 3179 796 3246 tidinger,
819 3177 975 3232 Denkmale
998 3196 1027 3247 p.
1049 3181 1111 3246 104)

98 3254 150 3304 576
168 3249 245 3320 fidet]
264 3250 329 3316 fidia
346 3249 490 3318 Btidinger
509 3249 580 3304 falso
689 3253 741 3304 594
759 3248 961 3303 050100οΒ5510
982 3265 1013 3302 er
1029 3247 1112 3316 falso,

97 3336 168 3376 corr.
186 3320 378 3444 {ludenbach
395 3320 433 3374 ib.
451 3338 479 3389 p.
501 3324 552 3374 104
615 3322 667 3374 595
682 3337 705 3374 0.
720 3321 801 3394 lappa
814 3319 856 3387 (ut
870 3317 942 3373 falso
956 3266 1110 3388 godinge)

98 3407 168 3446 corr.

170 3549 540 3620 ommouumu

151 3649 261 3690 Auleon
276 3649 410 3690 Sannorum.
