2570 4044
548 159 733 214 LIBERL.
1086 163 1129 226 19

107 319 227 386 Nonne
252 321 334 385 duos
356 321 442 385 libro
467 319 674 407 Genealogus
697 322 816 386 indidit
838 322 945 388 almus

106 409 281 474 Personas.
294 407 422 493 quaudo
445 409 529 473 dixit
550 432 625 474 cum
648 411 804 495 sulphure
826 411 975 478 flammas

107 497 245 582 Deplnit
267 519 289 561 a
310 498 443 563 domiuo
465 499 616 562 domiuus
639 497 815 564 Sodomam
839 523 937 584 snper
958 500 1129 587 urbam?¹)

106 585 197 650 Hinc
219 586 319 650 eliam
341 585 462 650 David:
485 587 563 651 deus
585 589 680 651 unxit
702 592 736 652 te
759 587 882 674 tuus²)‚
904 592 1013 674 iuquit

106 675 342 758 Premisitque:
365 675 444 739 deus
467 675 560 740 sedes
582 675 687 762 tna³);
711 676 790 742 dicit
812 682 845 741 et
867 679 963 744 alter:
1141 699 1182 739 res

108 763 234 828 Exulta
256 761 358 846 Syon,
379 764 483 828 iubila
505 765 602 848 satis,
623 787 665 828 eu
687 787 749 850 ego
771 787 911 850 namque

107 852 230 917 Tecum
252 851 461 916 habitaturus
482 854 590 937 venio,
613 852 764 918 dominus
787 854 865 919 deus
887 853 1039 942 inquit⁴)‚

106 940 156 1004 Et
177 962 293 1005 nosces
316 941 394 1025 quia
415 963 468 1004 me
490 943 582 1006 misit
603 943 753 1007 domiuus
776 943 854 1008 deus
878 944 919 1008 ad
941 949 975 1008 te

104 1029 160 1093 Me
184 1029 351 1094 dominum
373 1030 534 1095 dominus.
569 1030 674 1114 „Quid
696 1031 802 1098 adhuc
825 1032 994 1116 dubitatis,
1015 1035 1128 1120 inepti,

107 1116 280 1184 Christum
288 1118 454 1183 hominem
464 1123 562 1203 atque
572 1121 667 1184 deum
679 1121 848 1185 venerari?
872 1122 956 1198 Quid
971 1123 1126 1188 dubitatis
1141 1144 1182 1182 eoo

106 1207 257 1291 Virginis
280 1228 320 1270 ex
343 1207 440 1272 vulva
463 1206 631 1274 Christum
654 1210 802 1292 prodisse
824 1209 951 1294 Mario?

108 1294 233 1360 Contra
255 1299 407 1360 naturam
430 1297 485 1379 qui
507 1297 570 1361 fari
593 1298 689 1362 iussit
711 1299 847 1363 asellam

106 1385 201 1449 More
223 1383 408 1467 hominum,
430 1386 589 1451 intactam
610 1387 707 1452 iussit
729 1408 885 1472 generare
907 1389 1079 1472 puellam.“

106 1471 231 1554 „Quem
245 1491 402 1556 generare
409 1473 446 1538 ’θ’
477 1473 611 1559 „Deum,
629 1497 795 1560 perquem
809 1481 903 1560 pater
916 1479 1027 1543 omnia
1040 1478 1126 1544 fecit

10 1611 13 1618 .
105 1560 171 1626 Hic
196 1565 246 1625 est
268 1583 363 1626 verns
386 1561 499 1645 homo,
521 1586 617 1628 verus
640 1564 733 1646 deus,
755 1570 877 1648 accipe,
898 1587 979 1630 num
1001 1567 1056 1632 sit.
1141 1587 1181 1626 sos

106 1649 223 1714 Esurit
245 1653 280 1714 et
300 1651 434 1734 dormit,
456 1653 562 1716 tristis
586 1652 687 1736 dolet,
709 1652 769 1717 hec
791 1653 935 1718 hominis
958 1660 1042 1719 sunt.

107 1737 205 1803 Nunc
230 1761 292 1822 qne
315 1745 405 1823 sunt,
429 1741 575 1824 adverte,
597 1741 662 1824 dei,
684 1739 796 1826 Indee,
817 1746 973 1807 retexam.

106 1827 148 1891 In
170 1827 285 1892 vinnm
308 1831 469 1893 convertit
491 1828 638 1916 aqnas⁵)‚
660 1830 746 1895 bibit
769 1831 1008 1898 architriclinus

105 1915 152 1980 Et
175 1917 286 1980 vinum
310 1939 455 1982 servasse
477 1919 601 1983 bonum
623 1921 777 2003 pincerna
798 1918 975 2008 putatur.⁶)

106 2003 208 2070 Siccis
233 2006 375 2070 ceruleas
397 2008 521 2089 plantis
544 2013 700 2094 peragrat
722 2009 943 2095 densandas,
1139 2031 1180 2071 ⁵10

107 2091 207 2158 Stans
230 2094 340 2177 panda
361 2101 395 2158 in
417 2098 520 2180 puppi
542 2097 686 2162 tumidas
709 2099 873 2182 Aquilone
896 2096 1088 2186 procellas⁷)

71 2211 75 2218 ·
106 2181 255 2248 conterit
278 2188 312 2248 et
333 2184 470 2269 pelagus
494 2185 629 2269 depulso
652 2187 784 2272 mitigat
805 2187 904 2258 Euro.

80 2281 86 2296 ¹
104 2271 266 2346 Piscando
289 2276 362 2337 tota
384 2274 601 2358 nequicquam
622 2279 719 2341 nocte
741 2275 895 2341 laborans

103 2359 221 2424 Petrus
244 2361 339 2424 utin
362 2363 462 2428 verbo
486 2363 610 2428 domini
632 2386 692 2428 sua
713 2366 798 2428 retia
820 2364 923 2445 laxat,

104 2447 171 2514 Vix
194 2449 288 2514 effert
309 2450 414 2515 multo
438 2450 597 2516 distentas
620 2453 710 2536 pisce
734 2473 881 2538 sagenas.
1113 2489 1120 2500 ·
1140 2473 1180 2513 515

103 2537 194 2602 Dum
217 2537 326 2623 pergit
349 2538 499 2605 dominns
522 2540 614 2625 Iayri
637 2562 788 2605 revocare
810 2539 955 2625 puellam

106 2624 266 2710 Suprema
288 2627 327 2690 de
350 2632 438 2693 sorte
461 2633 564 2712 retro,
586 2629 668 2693 bene
690 2628 813 2694 femina
836 2628 968 2693 credens

105 2715 242 2780 Accedit
263 2716 434 2802 tangitque
456 2740 556 2782 manu
578 2718 753 2802 pendentia
776 2715 879 2805 fila⁸):

104 2802 174 2868 Nec
197 2826 305 2889 mora,
327 2808 417 2871 tacta
440 2807 574 2884 rubrum
597 2807 792 2872 constrinxit
813 2806 943 2872 fimbria
966 2807 1096 2874 fluxum.

105 2892 186 2968 Quis
209 2898 308 2978 neget
330 2915 401 2959 esse
424 2895 519 2959 deum
543 2896 597 2980 qni
620 2896 772 2961 demones
797 2897 873 2961 eicit
896 2899 929 2960 et
951 2897 1004 2962 cni
1138 2914 1178 2955 520

104 2979 288 3066 Spiritnnm
310 2980 453 3048 hnmano
477 2985 657 3069 glomerata
679 2986 714 3049 in
737 3007 864 3051 carcere
886 2982 988 3052 tetra'

177 3197 227 3248 501
248 3209 272 3248 c.
291 3194 407 3248 econtra
478 3199 530 3249 503
550 3211 573 3250 c.
590 3196 624 3250 in
640 3200 741 3250 tactem
814 3201 865 3251 513
885 3212 908 3251 c.
927 3201 1011 3252 totam

56 3439 58 3446 .
178 3389 204 3455 1)
229 3388 298 3443 Gen.
325 3393 365 3456 19,
390 3394 432 3443 24.
461 3389 545 3444 Prnd.
569 3389 672 3460 Apoth.
697 3396 757 3446 316.
884 3393 911 3459 2)
935 3391 1009 3466 Bsel.
1032 3396 1075 3459 44,
1096 3397 1120 3446 8.

103 3461 131 3528 3)
151 3458 223 3515 Psal.
243 3466 287 3527 44,
307 3466 333 3514 7.
439 3463 467 3529 4)
488 3459 570 3515 Zaoh.
591 3467 616 3531 9,
636 3468 660 3516 9.
769 3463 796 3528 5)
816 3460 909 3518 Sednl.
930 3461 958 3516 0.
980 3463 1009 3516 P.
1028 3461 1076 3530 ΙΙΙ,
1095 3468 1119 3515 4.

104 3535 131 3600 6)
150 3531 209 3587 loh‘.
230 3537 255 3599 2,
275 3537 299 3586 9.
374 3533 400 3601 7)
419 3530 486 3588 Aen.
507 3531 529 3602 Ι,
549 3536 608 3589 102.
682 3535 709 3602 8)
729 3531 822 3588 Sednl.
838 3530 867 3589 C.
886 3531 917 3588 P.
935 3531 983 3601 ΙΙΙ,
1004 3538 1063 3589 122.

928 3621 961 3675 2*
