2600 4044
514 207 622 262 LIBER
640 208 687 264 I'V.

93 369 263 437 Lucanum
286 370 446 436 celebrem
469 370 607 454 faciunt,
631 369 782 434 laudatur
804 369 977 456 Opheltem

95 459 223 526 Stacius
247 460 398 524 evolvens
421 459 601 542 devotaque
623 457 725 542 prelia
748 459 874 543 Dirces,

93 549 141 614 Et
163 548 259 613 Marii
281 547 600 612 referensvirtutem
623 549 794 631 astumque
816 547 985 634 Iugurtha

94 639 155 721 Te,
178 637 269 719 deus,
293 640 326 701 et
349 636 493 701 calamus
516 658 606 700 meus
630 638 662 699 et
685 657 757 700 mea
779 635 894 720 lingna
916 639 1065 703 resultat.
1124 658 1164 698 reo

95 725 158 801 Sed
181 726 302 809 titubo,
326 747 389 808 qua
411 746 490 808 ¹voce
514 746 640 808 canam,
664 746 726 809 qua
750 728 857 789 mente
881 747 1004 791 sacrem
1027 728 1082 793 te?

95 814 221 899 Quippe
245 814 386 898 anguina
408 813 495 878 notis
517 813 626 878 fauces
650 813 828 897 corrumpit
852 815 967 880 obesas

96 902 251 988 Squalida
273 902 390 966 virosis
414 903 520 987 prisce
545 905 577 966 et
600 901 761 985 rubiginis
784 903 851 967 urit

94 992 212 1058 Pectus
236 989 391 1057 condicio.
437 989 561 1056 Contra
583 990 644 1054 tibi
668 990 874 1073 celicolarum

96 1078 262 1146 Concentu
285 1101 365 1162 puro
389 1079 532 1162 gaudent
554 1079 692 1143 iubilare
716 1082 857 1164 caterva,
1122 1098 1163 1140 rsa

95 1169 160 1233 Ter
181 1167 421 1252 proclamantes
445 1169 486 1232 ob
510 1167 597 1232 trina
619 1168 788 1232 voeabula:
813 1167 960 1236 Sanetus.

93 1256 252 1323 Attamen
276 1255 338 1321 hoe
361 1257 482 1342 figmen
505 1260 562 1320 tua
586 1256 671 1340 quod
694 1278 809 1321 manus
834 1257 1007 1342 effigiavit,

92 1346 231 1430 Respice
255 1366 306 1408 me
330 1345 485 1430 clemens,
507 1366 674 1429 ysopoque
698 1366 834 1430 asperge
857 1347 968 1431 tuique
991 1385 1036 1395 -

93 1434 216 1520 Magna
239 1436 316 1518 peto
342 1470 380 1480 —
408 1432 510 1498 civem
534 1434 575 1497 da
597 1433 648 1497 vel
671 1432 842 1498 minimum
865 1434 935 1500 fore
958 1437 1064 1521 regni!

94 1521 199 1588 Credo
223 1520 308 1607 quod
331 1526 369 1586 nt
391 1521 499 1587 reduci
522 1543 613 1586 meua
637 1522 833 1606 ecclesieque
856 1524 1043 1609 redemptor
1123 1543 1163 1583 rso

94 1609 200 1677 Carne
223 1610 399 1675 resurrexit
421 1632 495 1676 vere
518 1609 669 1693 palpatus
694 1610 868 1694 edensquc,

94 1699 148 1766 Sic
172 1720 234 1785 ego
257 1699 296 1762 de
319 1702 406 1763 terra
428 1699 569 1764 recidivo
593 1720 727 1783 corpore
751 1719 882 1783 surgam

93 1789 198 1873 Inque
222 1809 307 1870 mea,
331 1809 394 1871 qua
418 1808 515 1852 carne
538 1786 633 1852 modo
656 1791 765 1873 tegor,
789 1791 865 1852 ante
887 1787 1031 1853 tribunal

94 1876 219 1942 Christi
242 1876 336 1941 stabo
361 1876 441 1940 meis
465 1876 502 1940 de
526 1876 621 1941 factis
646 1876 873 1941 discutiendus.

95 1964 199 2031 Credo
224 1965 309 2050 quod
333 1965 495 2047 extremis,
517 1966 598 2030 tuba
622 1965 749 2048 quando
772 1965 952 2031 novissima
971 1967 1109 2053 clanget,
1122 1984 1162 2025 49⁶

93 2054 278 2119 Prodibunt
301 2075 318 2117 e
342 2053 521 2139 sacrofagis
545 2053 712 2118 hominum
737 2075 825 2137 ossa,
849 2054 935 2140 quod
958 2077 1068 2121 amnes

95 2142 190 2220 Quod
213 2163 348 2226 rapuere
371 2142 453 2224 fere,
477 2142 624 2226 quodque
648 2143 731 2207 ussit
753 2142 893 2228 flamma,
915 2144 1048 2229 redibit,

93 2232 207 2296 Preter
229 2251 303 2295 cum
326 2228 457 2295 Christo
482 2231 536 2315 qui
560 2231 736 2295 surrexisse
760 2233 922 2316 leguntur.

95 2318 199 2386 Credo
223 2319 309 2404 qnod
332 2321 398 2402 vite
422 2319 544 2383 fuerint
567 2318 759 2403 quicumque
782 2321 930 2403 perennis

93 2408 288 2493 Participes,
311 2407 400 2472 nulla
423 2428 496 2472 eum
520 2406 690 2472 debilitate
712 2407 876 2492 redibunt3
1122 2427 1163 2467 500

95 2496 238 2573 Quorum
262 2517 341 2582 grex
363 2499 401 2560 ut
424 2496 473 2560 sol
496 2495 618 2559 nitidus
642 2496 851 2581 comitabitur
873 2517 993 2581 agnum

95 2585 262 2668 Gaudens,
285 2589 319 2649 et
340 2585 495 2669 reprobos
520 2587 651 2667 eternus
674 2584 787 2668 puniet
809 2586 903 2670 ignis.

94 2675 185 2738 Tunc
208 2696 274 2739 non
296 2696 348 2738 mc
373 2672 513 2757 Stigiam
537 2673 786 2739 circumversare
810 2671 976 2758 Caripdim

94 2762 285 2845 Permittas,
307 2783 411 2846 neque
434 2762 610 2846 predonem
634 2762 763 2826 sorbere
786 2761 958 2846 minacem,

95 2849 157 2915 Sed
180 2851 301 2934 pietate
323 2854 382 2915 tna
405 2850 528 2914 meritis
552 2853 734 2934 prestant[a
758 2851 949 2935 sacrisque,]
1123 2867 1163 2908 sos

95 2939 166 3016 Qua
188 2940 304 3005 Ionam
327 2940 411 3004 vasti
433 2938 571 3022 rapuisti
594 2939 708 3023 pis[eis
732 2939 773 3003 ab
798 2939 898 3023 alvo,]

94 3027 275 3093 Leviathan
298 3028 420 3112 patulis
443 3049 520 3111 rape
543 3049 594 3092 me
618 3029 656 3093 de
681 3027 843 3108 [faucibus
867 3031 977 3113 atque]

95 3115 231 3182 Sedibus
255 3117 328 3181 inde
351 3116 431 3198 tuis,
454 3115 510 3180 ubi
534 3115 632 3202 digna
654 3116 716 3180 tibi
740 3116 810 3182 sine
833 3117 895 3180 fine

95 3203 248 3271 Carmina
270 3206 393 3270 vocalis
415 3205 577 3269 iustorum
600 3205 710 3271 concio
733 3206 857 3290 pangit.

166 3401 219 3450 481
238 3413 260 3453 e.
280 3397 361 3452 titudo
380 3413 451 3452 corr.
470 3396 607 3452 Herschel
677 3401 730 3452 487
749 3397 864 3467 fiputm
882 3395 1018 3451 Herschel
1036 3395 1108 3451 falso

94 3471 147 3522 495
158 3483 181 3521 o.
193 3473 229 3538 φῖ
238 3484 259 3522 u
267 3467 343 3540 prins
353 3485 380 3523 m
434 3473 487 3523 496
498 3485 521 3522 c.
531 3468 695 3538 eaoreosayr'e
749 3485 772 3523 c.
782 3469 895 3537 captivit
905 3468 973 3523 liber
983 3467 1110 3524 Amorcii

502 3625 701 3648 ...ἡ-
