2570 4044
163 196 208 262 24
533 193 637 250 sunm
654 192 809 249 innuen

162 359 324 444 Virginis,
346 362 384 424 ut
406 358 532 440 culpam
556 356 675 439 lascive
698 356 829 421 tolleret
850 355 929 439 Ere.

162 446 248 527 Nam
273 447 367 532 legis,
389 450 428 518 ut
448 445 544 511 viridi
567 444 630 510 duo
653 467 800 510 mansere
824 445 857 510 in
880 444 1047 530 paradiso,

162 535 271 620 thue
295 537 391 602 elusit
414 556 468 600 eos
493 556 625 618 serpens
649 534 880 619 nequissimus,
903 533 965 600 hoc
988 538 1051 617 est,

123 641 149 682 ⁶5
163 625 290 691 Demon
313 625 412 690 verba
433 644 568 689 vomens
593 622 752 706 serpentis
777 625 817 688 ab
841 644 896 688 ore
919 625 1057 708 gravati.

164 712 290 798 Quippe
315 715 469 799 gravatus
492 715 563 777 erat
586 733 719 794 serpens
742 732 783 776 ne
807 710 884 797 quid
906 712 1106 796 loqueretur,

162 802 338 868 Possessus
360 804 457 865 norat
477 800 580 866 veluti
602 800 764 865 fanaticus
787 801 906 884 omnis,

163 891 386 974 Demonicque
409 910 520 954 omnes
543 888 676 956 obsessi.
722 886 783 955 (lui
805 888 893 953 rudis
916 888 988 953 Eva

130 1040 135 1050 .
164 978 306 1064 Dicenti,
328 1001 387 1064 per
410 999 505 1062 quem
528 978 652 1043 cavisse
677 978 757 1042 satis
782 977 845 1042 sibi
867 981 990 1061 posset,

125 1085 151 1125 το
165 1066 201 1132 si
224 1071 365 1152 saperet,
388 1066 519 1132 credens
543 1065 610 1130 edit
631 1065 769 1131 vetitum
795 1066 856 1131 sibi
879 1088 1026 1150 pomum,

164 1157 376 1240 Porrexitque
398 1154 469 1220 uiro
494 1155 550 1238 qui
573 1157 686 1239 captus
711 1155 834 1239 etipse
858 1155 1006 1220 eomedit

104 1325 111 1331 ,
164 1245 210 1311 Et
233 1245 310 1329 quia
331 1244 455 1328 primus
479 1242 576 1309 homo
600 1264 658 1328 per
680 1243 807 1329 lignum
831 1245 966 1327 corruit,
988 1243 1058 1326 ipse

163 1333 227 1398 Per
249 1333 376 1418 lignum
399 1331 599 1417 reparandus
623 1335 706 1418 erat,
730 1335 950 1417 quantumque
972 1332 1112 1398 tumoris

164 1422 215 1487 Ex
238 1422 321 1487 vicio
344 1420 474 1505 cecidit,
497 1420 636 1486 contrito
661 1420 755 1485 eorde
778 1421 881 1485 redire
962 1485 964 1491 ,

125 1527 151 1568 75
164 1506 388 1575 Instituendus
413 1513 490 1574 erat.
535 1508 687 1592 Namque
710 1508 872 1594 Ypocrate
897 1509 1031 1574 docente

164 1597 296 1665 Morbos
319 1621 378 1684 per
399 1598 491 1681 paria
514 1601 572 1662 aut
594 1598 758 1663 contraria
779 1598 929 1663 novimus
953 1620 1022 1664 esse

164 1688 342 1753 Pelleudos.
388 1686 459 1753 Hoc
483 1687 587 1770 eterni
608 1687 741 1752 veniens
764 1686 923 1772 genitoris

165 1776 268 1842 Filius
292 1780 421 1860 eternus
446 1775 484 1840 de
508 1775 586 1858 celis
610 1779 706 1859 atque
730 1773 851 1841 caduca

165 1863 241 1930 Sese
265 1887 359 1930 carne
383 1868 497 1949 tegens
521 1863 619 1928 bomo
643 1864 763 1928 mansit
779 1863 988 1950 ¹humillimus
1010 1863 1097 1928 inter

124 1952 348 2037 solnplacidos
371 1953 576 2036 tumidosque
599 1952 747 2032 homines
772 1958 805 2018 et
828 1954 935 2018 vivere
959 1955 1067 2017 sancte

163 2041 331 2126 Exemplis
356 2042 477 2106 sanctis
501 2061 560 2108 nos
584 2040 698 2105 inbuit.
743 2039 789 2106 Ut
811 2042 917 2107 bonus
941 2041 1045 2107 omnis

165 2128 247 2195 (lum
270 2132 375 2196 bonus
399 2132 432 2194 et
455 2129 559 2194 iustus
583 2130 639 2213 sit,
663 2129 749 2213 quod
771 2129 863 2211 facit,
883 2131 1012 2196 estimet
1034 2130 1069 2194 in
1093 2149 1142 2209 se,

163 2218 247 2284 Esse
270 2217 559 2304 parum,(lhristus
583 2217 694 2283 docuit
716 2240 789 2284 cum
812 2242 912 2304 purus
936 2224 970 2285 et
991 2220 1103 2284 insons

164 2307 218 2372 Ad
241 2308 397 2392 templum
421 2306 498 2372 ferri
520 2306 625 2372 voluit
647 2307 842 2392 geminoque
864 2308 949 2392 piari

124 2413 151 2454 ee
165 2396 317 2478 Turture,
340 2397 458 2481 quique
480 2395 560 2460 facit
583 2402 713 2460 sanctos
737 2397 959 2462 sanctissimus
983 2393 1094 2483 ipse.¹)

165 2485 330 2570 Decrepiti
353 2489 404 2550 est
425 2485 511 2550 ulnis
535 2485 729 2550 contrectari
752 2483 912 2551 Simeonis

165 2574 328 2659 Dignatus
351 2575 521 2657 verbisque
546 2574 645 2638 sacris
662 2574 711 2640 ,ab
735 2596 773 2639 eo
797 2571 981 2659 benedici.²)

165 2661 272 2746 thue
296 2685 372 2729 suos
397 2665 509 2727 sancto
532 2664 681 2727 vereatur
705 2662 814 2728 amore
836 2665 986 2747 parentes

166 2749 318 2835 Quisque,
342 2751 408 2816 suis
432 2750 580 2817 dominus
600 2750 764 2815 subiectus
783 2748 894 2836 eratl)
931 2748 994 2815 Sed
1013 2755 1046 2816 et
1063 2755 1101 2816 ut
1119 2773 1183 2816 nos

126 2838 228 2903 uPer
250 2837 351 2904 fontis
375 2839 540 2904 lavacrum
564 2839 682 2903 sacrati
705 2838 773 2903 sive
796 2841 959 2905 salubrem

165 2926 227 2991 Per
249 2927 355 2992 cordis
378 2927 536 3012 gemitum
558 2926 759 2992 mundandos
784 2949 853 2992 esse
877 2928 1019 3013 doceret,

129 3081 137 3096 ,
165 3014 239 3099 Ipse
263 3016 312 3080 vir
336 3036 494 3080 annorum
517 3015 767 3099 trigintavenit
791 3017 832 3081 ad
854 3017 973 3082 undam

165 3097 315 3170 Iordanis
339 3104 502 3188 subiitque
525 3125 640 3168 manus
663 3103 768 3170 felicis
794 3103 935 3190 amici4),

238 3322 271 3370 87
290 3315 446 3386 Dipuctua]
464 3315 495 3370 D
513 3314 625 3385 scripsit
643 3317 671 3370 M
745 3321 779 3371 90
798 3333 822 3373 c.
842 3315 984 3383 Pcrscatia

238 3495 267 3563 1)
291 3494 357 3549 Luo.
377 3499 402 3560 2,
422 3499 464 3546 24.
573 3494 601 3561 2)
625 3493 691 3548 Luc.
712 3498 737 3560 2,
756 3497 790 3548 25
801 3509 842 3560 sq.
951 3495 978 3564 3)
1002 3492 1066 3548 Luc.
1091 3499 1116 3560 2,
1137 3499 1182 3550 51.

165 3567 193 3635 4)
212 3564 277 3622 Luc.
297 3571 322 3633 e,
341 3571 382 3620 m.
404 3571 446 3620 aa.
