2570 4044
133 953 258 1025 Incipit
281 952 428 1024 epistula
451 949 547 1007 Sexti
567 949 717 1008 Amaroll
739 950 829 1008 Galli
850 949 1037 1008 Plcslstrati

208 1044 252 1100 ad
275 1041 466 1099 Oandidnm
489 1039 737 1111 'l'heopystinm
758 1039 966 1098 Alohlmum.

76 1175 247 1242 Virtutum
270 1196 397 1259 norma,
421 1173 617 1259 Theopysti,
639 1172 721 1239 fulte
744 1172 873 1257 decora,

124 1263 227 1348 Inque
251 1263 303 1328 dei
325 1284 464 1328 vernans
488 1261 642 1328 candidus
667 1260 837 1345 obsequio,

77 1352 127 1418 Ut
150 1373 223 1417 cum
246 1373 401 1436 corporea
424 1372 555 1436 superes
579 1349 726 1415 albedine
750 1368 886 1433 cygnos,

126 1439 270 1506 Gemmis
294 1438 429 1505 interius
453 1439 619 1506 candidior
641 1438 757 1504 niteas.

78 1528 116 1596 Si
139 1549 294 1615 magnum
316 1532 350 1594 te
373 1550 474 1612 parva
496 1529 623 1611 iuvant,
645 1527 709 1592 hoe
731 1525 841 1610 excipe
864 1547 994 1592 carmen
1119 1548 1134 1590 r

126 1615 326 1683 Oontextum
350 1638 460 1682 crasso
482 1616 624 1701 pectoris
648 1615 807 1700 igniculo,

78 1706 213 1772 Oblitus
236 1709 347 1788 tenere
371 1705 457 1790 quod
479 1705 663 1789 pubertatis
687 1704 836 1769 alumnus
925 1708 928 1713 ’

126 1791 276 1860 Confisus
299 1794 430 1860 domino
454 1794 569 1878 cplitus
594 1815 692 1859 ausus
716 1813 813 1857 eram.

79 1883 126 1949 Et
149 1884 178 1947 si
198 1903 333 1949 noscere
356 1904 461 1963 amas,
485 1905 549 1968 quo
573 1885 670 1968 pacto
693 1886 804 1947 trusus
828 1880 954 1947 adhoc
977 1881 1053 1966 sim,

126 1970 239 2038 Gordia
263 1972 439 2038 luminibus
461 1971 621 2058 perspice,
644 1971 731 2055 quod
755 1968 908 2054 sequitur.
1112 1994 1139 2034 ιο

79 2060 228 2126 Perverti
251 2082 357 2126 mores
382 2060 514 2128 habitos
538 2061 717 2126 maioribus
740 2059 803 2124 hoc
826 2058 861 2122 in
908 2063 910 2068 '

126 2149 286 2233 Tempore
309 2153 513 2234 pertractans
539 2150 592 2215 vix
614 2148 705 2214 tenui
728 2146 888 2212 lacrimas.

80 2236 169 2302 Hinc
193 2238 332 2323 carptim
355 2239 479 2322 priscos
502 2237 627 2303 intendi
651 2236 793 2302 scribere
815 2235 898 2302 ritus

127 2325 188 2390 His
213 2326 268 2411 qui
290 2347 376 2390 nunc
400 2326 523 2410 degunt
544 2325 629 2391 ferre
651 2326 763 2391 volens
787 2324 928 2390 reduces.

82 2413 148 2480 Sed
170 2433 244 2479 cum
267 2413 344 2478 talis
368 2413 473 2480 adhuc
494 2415 655 2480 titubaret
676 2417 785 2479 mente
808 2413 925 2496 libido,
1113 2435 1140 2477 ω
1231 2405 1237 2415 ’

127 2501 282 2567 Publicus
306 2502 471 2567 herentem
495 2503 634 2568 scribere
657 2504 753 2569 iussit
777 2523 876 2568 amor.

81 2589 160 2656 Non
182 2611 260 2674 ergo
284 2594 317 2656 te
339 2594 411 2656 rust
396 2591 469 2657 ttici
454 2595 506 2657 tas
531 2590 692 2658 deterreat
677 2592 797 2674 teius,

127 2678 285 2746 Versibus
309 2681 460 2746 altisonis
482 2701 549 2747 non
572 2703 653 2765 opus
678 2702 772 2746 omne
796 2679 893 2763 viget.

82 2766 227 2852 Cumque
251 2770 462 2853 superborum
485 2771 598 2856 pigeat
619 2768 753 2854 fastigio
777 2789 906 2922 sempter

128 2855 303 2941 Inspicere,
325 2857 388 2923 huc
411 2859 523 2925 oculos
545 2858 639 2924 flecte
663 2857 877 2942 aliquandot
877 2879 945 2924 uos.
1113 2880 1142 2922 eo
1255 2895 1259 2904 ·

81 2943 209 3009 Israhel
233 2945 289 3028 qui
310 2946 401 3011 venit
424 2969 500 3013 oves
523 2968 676 3013 revocare
700 2946 856 3030 celebres,

128 3031 334 3098 Manzeribus
357 3035 452 3100 nobis
477 3036 615 3102 eontulit
600 3035 692 3100 tille
716 3057 857 3101 manum

157 3229 243 3279 1—22
263 3224 424 3280 ediderunt.
442 3226 555 3298 Haupt
560 3226 701 3297 ,Bericht
718 3227 788 3282 iiber
803 3226 847 3282 die
861 3227 1102 3298 Verbandlungen

84 3296 135 3349 der
157 3296 282 3351 Berliner
300 3296 456 3354 Alademie
476 3246 597 3356 18bptS
613 3298 709 3368 160l.;
734 3297 914 3367 Herschel,
937 3299 1102 3355 Naumanns

84 3366 237 3437 Serapeum
250 3367 325 3435 XVI,
339 3369 589 3440 93·,Bi'idinger,
608 3339 718 3426 liltcste
731 3369 888 3425 Denkmale
902 3339 952 3425 der
966 3368 1099 3427 Ztirichcr

84 3384 285 3506 LitteraturS.
304 3444 338 3494 25

515 3554 675 3562 ——n—-—

34 3685 35 3697 ,
139 3624 248 3666 Ancon
257 3623 398 3669 Snancsrs.
491 3679 494 3686 Ι
926 3625 940 3671 1
