2570 4044
163 246 183 310 6
533 239 637 295 sexul
655 238 809 294 AMARCII

163 405 224 472 (lui
247 405 338 470 cuius
362 425 456 469 casus
479 402 626 488 querenti
648 402 784 466 verbera
807 400 916 464 neutri

162 494 282 560 Reddit
305 493 453 578 apudque
477 492 598 577 probos
622 494 688 556 stat
711 492 802 554 muto
826 488 985 574 inglorius
1009 511 1065 554 ore

162 583 208 648 Et
229 583 337 647 fronte
360 577 537 667 obstipa¹);
559 603 628 646 non
650 578 789 663 presulis
811 577 923 642 horret
946 577 1035 643 adire

163 671 272 754 Atria,
296 671 453 736 distentas
475 669 623 734 rutilanti
645 668 731 732 fasce
755 687 923 732 crumenas

111 781 150 822 rso
165 760 367 844 Apportans,
389 781 507 825 vernas
530 757 634 822 ambit
656 757 884 839 dominumque
908 759 1048 842 serenat,

163 849 251 914 Nam
274 848 425 914 frendens
449 847 521 913 visu
545 845 690 910 subridet
714 844 884 928 episcopus
908 866 995 911 auro.

163 937 227 1003 Hic
249 937 307 1002 ubi
329 936 479 1002 ruricolis
502 955 634 999 nummo
657 933 786 998 fautore
810 933 958 998 sacerdos

163 1026 226 1091 Est
250 1026 359 1109 datus,
381 1024 518 1088 infirmis
542 1023 640 1087 audet
662 1022 837 1086 subducere
861 1043 977 1105 corpus

164 1115 333 1197 Divinum,
356 1113 420 1178 nisi
444 1112 560 1176 dentur
583 1111 613 1175 ei
636 1111 687 1175 vel
710 1114 848 1195 quatuor
872 1132 974 1195 asses3

112 1225 151 1264 iio
166 1203 250 1280 Quin
274 1206 307 1266 et
330 1202 358 1266 si
379 1201 542 1265 infantum
565 1199 691 1263 subitus
715 1199 807 1264 dolor
830 1199 956 1284 appetit
978 1203 1068 1265 artus

164 1290 318 1356 Nondum
341 1290 517 1353 tinctorum
542 1291 668 1352 sacrato
690 1287 726 1352 in
749 1287 852 1371 fonte,
876 1288 1038 1372 malignus

164 1377 336 1444 Absterret
359 1378 509 1461 querulos
532 1377 633 1460 prolis
658 1376 697 1440 de
720 1378 825 1440 morte
848 1377 1046 1462 propinqua3

164 1466 211 1551 „0
236 1470 374 1551 quantus
398 1466 491 1531 labor
515 1469 566 1530 est
587 1466 660 1549 plus
684 1464 911 1529 insistentibus
934 1466 1014 1531 illis!

165 1554 192 1622 0
218 1556 246 1620 si
267 1556 319 1621 bis
343 1556 428 1621 senis
451 1554 569 1620 rotulis
593 1553 672 1618 mihi
695 1553 807 1638 palma
830 1557 984 1636 gravetur

112 1665 150 1706 aa
165 1643 318 1730 Argenti,
341 1649 419 1729 puto
443 1643 490 1709 sic
513 1646 624 1727 posset
646 1642 740 1707 labor
761 1641 824 1706 iste
848 1641 979 1708 levari.“

166 1731 282 1818 Sisque
305 1734 390 1798 mori
412 1733 523 1818 plures
546 1732 665 1816 linquit
688 1731 757 1795 sine
781 1730 946 1815 crismate,
970 1753 1084 1816 ganam

165 1821 284 1886 Illicite
307 1843 481 1904 expensam
505 1819 636 1885 sibimet
657 1819 841 1904 persolvere
865 1841 1016 1904 querens,

166 1908 300 1974 Duriter
321 1909 376 1973 ille
399 1909 517 1974 stolam
541 1909 736 1992 calicemque
761 1909 859 1972 miser
882 1908 1028 1974 luiturus.

166 1998 316 2062 Preterea
340 1997 368 2061 si
392 1996 447 2080 qui
471 2019 528 2061 sua
550 1996 699 2081 plebibus
724 2018 780 2061 ora
802 1997 982 2081 resolvunt,

115 2107 154 2149 150
166 2085 380 2171 Promulgare
404 2107 513 2150 sacras
537 2084 583 2149 sic
606 2084 778 2150 intendunt
801 2085 936 2150 omelias

166 2174 214 2240 Ut
236 2175 310 2258 plus
333 2195 393 2259 pro
416 2174 558 2238 nummis
581 2195 678 2257 quam
701 2195 760 2256 pro
783 2174 929 2239 mercede
952 2175 1098 2240 tonantis

166 2262 262 2328 Ultro
285 2262 482 2347 prebendam
504 2261 676 2328 videantur
697 2262 836 2346 pandere
861 2267 1016 2329 sanctam.

168 2351 251 2428 Quid
275 2352 314 2417 de
338 2351 513 2433 conversis,
538 2373 618 2434 quos
641 2354 732 2416 recto
756 2355 789 2418 et
811 2352 943 2417 nomine
966 2373 1043 2418 vero

167 2440 343 2525 Appellare
366 2440 478 2505 volens
501 2461 669 2526 perversos
693 2440 798 2505 dicere
821 2441 929 2524 debet,

114 2549 152 2590 155
168 2527 308 2616 Christe,
330 2529 457 2595 feram?
496 2527 559 2594 Sed
582 2530 667 2594 enim
690 2530 872 2594 tenebrosis
894 2529 1042 2595 vestibus
1066 2534 1160 2598 artus

166 2617 345 2685 Frenantes
368 2619 509 2684 tumidos
534 2623 567 2684 et
589 2624 735 2683 amantes
759 2618 871 2683 abdita
894 2620 1035 2684 claustra

166 2705 338 2789 Primitus‚
360 2708 445 2772 inter
469 2729 502 2772 se
525 2707 684 2791 paulatim
706 2706 827 2771 nobilis
851 2708 921 2772 auri

166 2794 369 2879 Argentique
392 2799 529 2878 struem,
552 2799 675 2879 quanta
698 2798 748 2859 est
771 2795 923 2880 cuiusque
948 2795 1101 2882 facultas,

168 2879 299 2948 Secreto
323 2882 468 2947 conferre
493 2873 725 2967 student,'quo
747 2883 882 2967 limpida
905 2906 1016 2950 coram

116 2990 154 3031 ico
169 2967 306 3035 Succina
329 2971 504 3054 prodentes
528 2971 728 3036 consciscere
752 2972 881 3057 singula
905 2973 1025 3039 sensim

167 3058 257 3124 Rura
280 3062 410 3144 queant.
454 3058 518 3123 Hic
541 3058 714 3124 fulmineus
738 3062 828 3145 cupit
850 3083 921 3128 esse
945 3062 1099 3145 decanus,

167 3145 262 3212 Alter
286 3168 458 3234 egenorum
481 3148 630 3234 provisor
651 3147 780 3234 flagitat
803 3171 887 3233 esse,

242 3365 292 3414 131
313 3357 378 3482 Oui?
398 3373 422 3412 c.
444 3357 500 3427 Qus
517 3372 587 3441 corr.
653 3363 703 3412 132
723 3357 1187 3445 c.Redd'apdq3·1tedditopdit·

168 3447 219 3501 qua
237 3429 361 3486 Hersche
428 3433 478 3482 157
498 3444 521 3482 c.
540 3445 572 3483 m
590 3432 658 3484 tersa
713 3435 763 3484 161
783 3429 1187 3501 o.bme(bec)1taHersohel

242 3608 268 3676 1)
286 3607 353 3663 Hor.
372 3607 431 3664 sat.
449 3605 484 3676 Il,
503 3611 528 3674 5,
547 3609 590 3660 92.
