2600 4044
558 203 669 258 LIBER
686 204 734 258 III.
1113 205 1154 268 67

141 361 305 448 Dignatus
328 367 434 449 pater,
457 369 493 429 ut
516 365 641 430 nullum
665 365 835 431 discrimen
858 365 1016 432 haberent

140 450 278 537 Noxque
302 452 433 536 diesque
457 454 538 519 chao
562 454 644 519 vidit
668 454 828 536 permixta
851 456 1004 541 molesta,

140 540 224 606 Tum
249 545 373 625 septem
398 543 514 607 statuit
536 564 631 608 cursu
654 543 796 608 distante
819 545 967 626 planetas
1169 563 1208 602 630

139 629 169 695 Ε
195 630 313 713 quibus
336 634 387 695 est
408 631 536 714 lampas
560 631 681 695 cunctis
704 631 865 716 insignior
888 633 1019 718 ardens,

141 718 271 802 Tytana
294 719 475 803 appellant;
498 719 683 804 posthunc
706 724 757 785 est
780 721 921 785 maxima
943 721 1043 788 Luna.

141 806 210 882 Qua
234 807 297 872 duo
322 807 473 872 dissimili
496 809 577 873 lucis
602 808 734 874 donavit
757 808 894 894 honore,

140 895 187 960 Ut
209 899 359 979 presente
384 896 467 961 diem
491 898 623 980 capiant
646 899 814 962 terrestria
836 897 960 983 Phebo,

139 982 298 1068 Lunaque
320 985 498 1069 tranquille
522 986 726 1069 splendescat
748 990 895 1070 tempore
917 989 1032 1054 noctis.
1169 1005 1207 1045 6³⁵

139 1072 225 1137 Hinc
250 1095 375 1138 menses
398 1073 496 1138 horas
518 1096 726 1141 numeramus
749 1078 897 1160 tempora
920 1080 953 1141 et
976 1099 1086 1143 annos.

139 1161 216 1226 Mox
241 1165 274 1226 et
296 1159 446 1246 solifugis
470 1163 576 1248 pinxit
598 1163 676 1228 deus
701 1187 776 1228 aera
800 1165 919 1250 stellis,

139 1251 304 1333 Astraque
327 1251 496 1316 constituit
518 1252 626 1317 nautis
650 1252 686 1316 in
710 1253 804 1338 signa
826 1254 970 1320 marinis.

139 1339 220 1404 Post
242 1337 334 1425 hec¹)
359 1340 582 1425 squamigeros
605 1341 709 1424 pisces
734 1343 939 1426 squamisque
964 1347 1109 1407 carentes

141 1427 335 1512 Gurgitibus
360 1429 463 1494 vastis
486 1430 612 1494 innasci
635 1427 763 1514 iussit²)
787 1434 820 1494 et
844 1431 910 1495 alto
1167 1448 1207 1488 640

142 1515 288 1581 Grandia
312 1516 479 1582 distribuit
503 1521 572 1600 cete
597 1519 829 1602 scopulosaque
853 1517 1039 1606 monstra.³)

139 1605 215 1690 Ipse
239 1605 341 1670 eciam
365 1606 490 1671 levibus
514 1612 604 1672 sator
628 1627 722 1671 omne
744 1607 878 1671 volatile
901 1609 1015 1692 pennis

139 1694 305 1778 Amavit,
328 1693 445 1778 quibus
470 1695 574 1760 acrias
599 1695 695 1760 modo
718 1696 867 1760 verberat
890 1693 1031 1781 auras4),

139 1782 185 1848 Et
208 1783 301 1866 quasi
324 1783 462 1869 remigio
486 1783 730 1849 vehementibus
756 1784 857 1848 utitur
880 1782 980 1869 alis.⁵)

139 1871 224 1936 Dein
248 1892 321 1936 cum
343 1872 513 1956 reptilibus
536 1872 682 1938 iumenta
705 1872 853 1956 ferasque
877 1874 1000 1939 creavit
1169 1891 1209 1932 645

137 1960 263 2043 Verbo,
288 1959 371 2024 velle
394 1960 457 2024 fuit
479 1961 623 2026 verbum.
668 1960 818 2026 Feliciter
842 1966 915 2027 acta

35 2079 37 2084 ·
143 2047 315 2131 Constant,
339 2052 448 2132 aterne
470 2050 559 2132 pacis
584 2071 728 2134 conpage
752 2048 896 2137 ligata.⁶)

140 2137 208 2213 Que
226 2159 291 2221 pax
313 2140 364 2201 est
387 2137 552 2222 dominus,
576 2140 630 2222 qui
653 2141 799 2210 continet
822 2141 931 2205 omnia
954 2139 1072 2224 palmo

139 2225 201 2302 Qui
225 2227 322 2291 simul
344 2227 485 2309 inspexit
507 2227 662 2291 mundum
684 2227 772 2312 „Quo
796 2227 952 2293 fecimus“
970 2226 1109 2315 inquitl)

138 2313 240 2399 „Sunt
263 2315 362 2398 bona,
389 2337 475 2380 nunc
499 2315 664 2380 hominem
687 2319 790 2380 restat
812 2317 974 2400 plasmare
1004 2338 1153 2402 sagacem
1169 2334 1208 2375 650

138 2403 201 2480 Qui
225 2402 322 2468 simili
345 2403 441 2468 nobis
466 2404 639 2469 concordet
661 2404 815 2488 imagine,
838 2405 956 2488 quique

138 2491 241 2568 Quam
266 2490 413 2557 dabimus
437 2493 541 2576 presit
563 2493 686 2557 facture
710 2493 833 2558 scilicet
857 2493 959 2577 omni,

138 2579 231 2657 Quod
255 2601 343 2644 mare
367 2581 439 2664 alit,
463 2581 548 2664 quod
571 2584 658 2646 terra
680 2582 775 2665 parit,
800 2582 885 2665 quod
908 2581 942 2645 in
967 2603 1040 2646 aere
1064 2582 1152 2648 vivit.

135 2667 206 2734 Nos
231 2665 364 2754 colat8),
387 2673 420 2733 et
441 2670 547 2734 nostri
570 2671 703 2735 devotus
728 2670 859 2736 obediat
882 2671 948 2736 oris

137 2755 298 2836 Sermoni,
320 2779 423 2841 neque
448 2758 577 2842 spiritui
600 2780 634 2823 se
658 2759 768 2823 credat
790 2760 914 2844 iniquo,
1166 2776 1204 2816 6⁵⁵

136 2844 205 2910 Nec
229 2866 342 2930 sapere
365 2847 498 2911 insistat
521 2868 618 2930 quam
641 2869 701 2912 nos
726 2849 929 2914 concedimus
953 2849 1052 2935 ultra,

136 2932 275 2999 Subdita
298 2940 414 2999 cuncta
437 2935 513 3019 ipsi,
536 2935 630 3001 nobis
655 2936 698 3000 sit
722 2937 871 3002 subditus
894 2937 992 3021 ipse.“

136 3021 190 3088 Sic
212 3023 301 3087 fatus
326 3024 426 3088 sacris
450 3023 564 3088 limum
586 3028 727 3090 tractare
752 3027 906 3092 caducum

207 3186 259 3236 638
284 3197 306 3235 c.
326 3181 439 3250 iactum
458 3197 526 3237 corr.
544 3180 688 3250 Bi‘idinger
796 3188 847 3237 639
867 3199 890 3238 c.
909 3183 1061 3253 acernisque
1080 3199 1149 3238 corr.

133 3303 278 3374 Btdinger
351 3308 402 3358 640
422 3321 444 3359 c.
463 3265 549 3360 testib
566 3306 598 3359 ia
615 3307 694 3361 nasa

207 3430 233 3499 1)
252 3427 320 3485 Gen.
341 3433 365 3497 1,
384 3432 426 3482 20.
446 3433 488 3484 21.
557 3429 585 3497 2)
604 3427 704 3485 Alcim.
724 3427 801 3484 Aviti
820 3428 849 3484 O.
868 3429 890 3495 I,
909 3435 952 3484 35.
1023 3430 1050 3499 3)
1070 3429 1108 3484 ib.
1127 3429 1148 3498 Ι,

132 3504 175 3557 88.
195 3505 239 3554 40.
321 3500 349 3568 4)
368 3499 436 3554 Aen.
455 3498 488 3569 X,
508 3504 560 3554 892
571 3517 611 3568 sq.
693 3501 720 3571 t)
738 3501 806 3556 Aen.
826 3499 846 3567 Ι,
866 3505 918 3555 300
928 3517 968 3568 sq.
1049 3501 1076 3570 6)
1097 3500 1147 3556 Ov.

131 3571 200 3627 Met.
220 3569 241 3640 Ι,
261 3575 304 3626 25.
339 3615 343 3620 .
378 3574 404 3640 7)
423 3568 491 3626 Gen.
510 3570 532 3640 Ι,
551 3575 664 3626 26-28.
738 3573 765 3642 8)
784 3571 852 3629 Gen.
872 3577 897 3640 2,
918 3576 958 3626 16.
980 3576 1021 3628 17.

951 3656 986 3714 ὅ*
