2600 4044
525 215 634 270 LIBER
653 215 699 273 111.

105 377 283 462 Suppliciis
307 378 438 463 vestris,
461 378 558 444 modo
582 379 625 443 sit
647 380 840 463 conpunctio
864 403 954 467 vera3

106 465 170 542 Qui
192 467 266 551 pius
292 467 424 531 armilla
446 467 566 532 malam
590 467 731 550 perfodit
752 469 894 534 hiulcam

103 553 320 640 Leviathan¹)
343 558 380 619 ut
404 556 457 639 qui
481 579 516 620 se
538 555 686 621 faucibus
709 555 797 621 illius
821 558 951 645 indunt,
1134 575 1176 618 515

104 642 273 709 Peccando
297 644 409 728 culpas
433 644 578 709 deflendo
603 646 737 709 eradere
760 650 908 729 possunt.

103 732 195 818 Ergo
219 733 402 798 relaxemus
426 733 550 798 cunctis
574 734 783 818 peccantibus
807 735 840 799 in
864 756 938 820 nos,

104 819 140 886 Si
163 821 314 886 volumus
337 821 432 886 nobis
456 821 534 888 deus
559 826 595 887 ut
617 826 750 906 peccate
772 823 933 908 remittat,

104 910 195 976 Tunc
219 910 288 974 eius
311 913 393 974 nutu
415 914 528 975 nostro
552 911 634 975 bene
657 912 765 996 pactio
790 911 935 995 quadrat.

105 995 158 1064 Sic
181 997 259 1064 fecit
281 1020 338 1063 rex
362 999 417 1082 qui
440 998 479 1062 de
501 999 707 1064 inimicorum
730 1021 807 1064 nece
831 1002 933 1087 flevit,
1135 1019 1176 1060 520

105 1087 285 1152 Ardentem
309 1087 388 1152 deus
411 1088 497 1152 hunc
520 1089 637 1154 fratres
661 1089 848 1173 sociumque
871 1092 1035 1174 popellum

10 1217 12 1228 ·
103 1175 308 1241 Multimodis
332 1177 474 1260 compsit
495 1178 680 1242 virtutibus.
726 1176 801 1262 lpse
825 1179 915 1243 etin
938 1181 1006 1245 alta

104 1264 283 1330 Unanimes
306 1264 457 1330 habitare
481 1265 576 1330 domo
600 1266 664 1331 dat.
710 1266 837 1352 Regula
860 1270 979 1335 amoris

102 1353 217 1439 Exigit
240 1354 316 1419 hoc:
341 1354 460 1418 aliine
483 1353 583 1438 faxis,
607 1355 691 1438 quod
715 1356 777 1420 tibi
800 1377 866 1421 non
889 1357 952 1443 vis,

103 1441 260 1528 Quodque
283 1443 375 1526 cupis
398 1443 541 1528 tibimet,
564 1443 658 1508 fratri
680 1443 909 1510 nichilominus
934 1451 1037 1530 optes.
1133 1461 1173 1504 52⁵

101 1531 189 1598 Novi
212 1531 289 1616 quid
311 1530 448 1597 referas:
471 1532 642 1616 „Mihimet
665 1554 737 1596 sum
755 1533 977 1622 proximus“²)
1001 1537 1117 1620 inquis.

100 1620 197 1705 „Non
220 1619 311 1685 decet
334 1620 436 1704 Esopi
460 1621 618 1706 figmenta
641 1621 766 1685 salasve
789 1620 923 1686 Terenti

105 1707 282 1792 Scripturis
306 1709 441 1775 miscere
466 1710 575 1776 sacris.
621 1708 684 1786 Qui
706 1713 792 1774 recte
815 1715 917 1796 amat,
939 1712 991 1777 illi

102 1797 242 1864 Vilescit
264 1797 365 1882 topici
389 1800 553 1864 cumulata
575 1798 713 1882 pecunia
735 1799 840 1884 regni,

102 1886 159 1952 Nil
184 1891 273 1952 amat
295 1888 330 1951 in
353 1892 441 1952 terra
463 1888 528 1952 nisi
552 1907 678 1971 semper
701 1886 792 1952 adire
816 1889 983 1969 sacellum,
1132 1907 1172 1948 500

101 1975 190 2062 Apte
213 1975 387 2061 phosforee
411 1976 497 2059 quod
520 1977 685 2042 adinstar
708 1976 835 2041 ducitur
857 1978 957 2043 urbis.

101 2063 166 2128 Illa
190 2065 278 2129 velut
301 2065 427 2150 glaucis
451 2065 583 2132 inimico
606 2067 674 2130 sole
698 2069 858 2152 coruscat,

101 2153 179 2218 Non
201 2154 357 2218 mutando
383 2153 467 2217 diem
491 2154 547 2218 sed
571 2155 780 2220 continuante
803 2177 990 2240 perennem,

103 2240 157 2307 Sic
180 2241 239 2306 hec
263 2242 425 2307 continuis
449 2243 593 2326 aperitur
617 2244 741 2308 mansio
765 2243 871 2329 lionis,

101 2329 210 2415 thue
234 2331 358 2396 animes
383 2332 506 2416 gremio
530 2332 596 2396 leni
618 2328 739 2414 fovetl)
765 2332 824 2396 illa
846 2331 988 2418 piorum,
1132 2349 1172 2392 eoo

102 2418 155 2485 Sic
178 2419 238 2485 hec
262 2441 336 2484 ossa
359 2423 448 2485 tenet
470 2420 592 2504 populo
616 2419 798 2484 veneranda
822 2419 955 2485 labanti.

102 2506 247 2573 Sumitur
269 2508 323 2573 hic
346 2530 462 2592 corpus
486 2509 596 2573 celesti
620 2509 655 2572 in
679 2508 753 2572 sede
776 2509 936 2594 tonantis,

101 2595 211 2682 thue
234 2597 281 2662 ibi
304 2597 441 2662 diversis
465 2602 574 2662 astant
597 2596 753 2661 animalia
775 2595 902 2678 formis,

102 2685 250 2762 Quatuor
272 2689 419 2769 eternum
443 2685 612 2750 laudantia
636 2685 777 2750 carmine
800 2706 923 2771 regem,

101 2774 156 2840 Sic
178 2774 213 2839 in
236 2776 372 2841 sacratis
395 2775 576 2859 pinguntur
598 2775 719 2839 murice
743 2773 853 2839 muris.
1130 2793 1171 2834 ero

100 2861 164 2928 sed
187 2863 340 2947 quoniam
363 2867 474 2929 nostro
500 2863 701 2929 subscribere
725 2884 828 2946 pauca
850 2862 962 2927 libello

99 2952 149 3017 De
171 2951 285 3017 formis
303 2953 421 3018 horum
440 2953 702 3039 presumpsimus,
724 2952 784 3017 hec
803 2973 930 3036 quoquc
954 2951 994 3016 ad
1017 2952 1115 3019 huius

171 3187 223 3236 517
243 3197 265 3236 c.
285 3182 448 3238 0010000001
466 3181 538 3236 falsa
557 3197 638 3236 erasa
706 3185 758 3236 520
777 3197 800 3236 0.
816 3180 849 3236 Si
916 3185 967 3235 003
987 3179 1058 3250 alto]
1078 3197 1115 3234 an

98 3257 181 3308 arta?
236 3256 288 3307 031
303 3253 482 3329 0001000001]
497 3255 538 3323 pb
555 3253 585 3308 in
603 3269 656 3308 ras.
675 3268 726 3321 pro
746 3253 781 3320 fb
797 3254 829 3306 ut
842 3251 954 3306 videtur
1008 3257 1059 3306 033
1079 3267 1115 3306 an

97 3325 305 3380 continuando?
378 3325 595 3380 1400100000
956 3373 960 3378 .

95 3523 198 3646 17118)
217 3519 267 3574 Iob
286 3526 329 3589 40,
349 3526 392 3577 21.
474 3525 502 3590 2)
522 3519 633 3576 Terent.
653 3518 738 3572 Andr.
758 3517 804 3588 IV,
826 3523 850 3586 1,
871 3522 912 3572 12.
997 3519 1025 3588 3)
1045 3519 1113 3572 Aen.

115 3634 123 3663 ,
199 3634 205 3646 .
