2600 4044
169 205 211 269 52
538 202 643 258 snxrl
661 201 815 257 AMARCH

116 385 156 426 roo
169 367 240 452 Hpc
263 389 403 451 pensans
428 367 535 430 omnis
560 366 603 431 sit
625 369 754 450 pectore
778 371 888 432 castus
912 370 946 431 et
969 388 1038 448 ore,

172 454 295 541 Turpia
317 477 383 521 non
405 455 539 538 referat,
562 455 618 540 qui
641 455 792 539 turpibus
816 455 961 520 abstinet
984 455 1078 539 actis,

169 544 220 610 Ne
243 566 324 629 puer
348 548 405 609 aut
429 545 579 629 simplex,
604 545 659 629 qui
681 545 761 610 talia
783 545 901 629 nescit,
924 544 1066 629 ephebus

169 633 287 698 Verbis
311 637 482 719 corruptus
507 634 677 698 mollescat
700 636 733 697 00
756 634 829 699 avia
851 637 997 719 temptet.

170 721 308 788 Scedula
332 745 441 788 morsa
466 723 539 787 cani
562 722 656 788 docet
677 721 770 786 illum
794 723 908 788 rodere
930 724 1044 807 pelles,
1295 773 1296 784 .

116 827 156 869 sos
170 813 278 897 Atque
301 812 379 877 hinc
403 812 549 876 doctrina
573 831 665 876 caros
689 811 766 876 deus
790 812 909 876 imbuit
931 813 1008 877 ista:

171 899 295 966 Suadeo
320 901 493 985 principio,
516 900 645 965 lumbos
668 901 848 987 precingite
871 899 1038 986 vestros.¹)

170 991 219 1054 Ac
243 989 271 1054 si
295 990 341 1055 sic
364 990 463 1072 dicat,
487 1011 561 1053 cum
583 989 618 1052 in
640 1011 698 1054 vos
722 990 861 1055 obscena
884 990 986 1055 libido
1295 1029 1296 1046 1

170 1077 314 1144 Dimicat
337 1083 370 1142 00
393 1079 476 1142 sevis
501 1081 624 1142 cremat
646 1077 777 1162 ignibus
800 1079 869 1163 ilia,
893 1079 980 1145 docti
1295 1133 1296 1170 ,

169 1166 297 1233 Parcite
320 1166 484 1232 continuis
509 1167 589 1231 escis
614 1170 646 1231 et
668 1168 814 1252 potibus,
839 1169 929 1252 atqui
1295 1183 1296 1252 l

117 1273 157 1313 210
172 1254 314 1341 (lrapula
337 1260 370 1320 et
394 1255 534 1321 ebrietas
558 1255 673 1321 lascivi
696 1260 746 1320 000
768 1256 871 1322 fomes
895 1257 1029 1340 amoris,

170 1344 222 1409 Ex
246 1345 359 1410 crebra
381 1344 526 1430 ingluvie
549 1345 684 1410 veniunt
706 1367 811 1429 amor,
835 1347 918 1428 ocia,
942 1346 1036 1411 risus.

172 1433 251 1499 Ocia
274 1434 475 1498 mortificant
498 1434 653 1518 animam,
677 1434 819 1499 studium
844 1435 958 1500 educat
981 1435 1085 1518 illam,
1295 1475 1296 1516 ,

171 1522 280 1608 Atque
303 1524 387 1588 bono
412 1523 518 1587 studio
543 1524 699 1588 damnosa
722 1524 848 1588 vacatio
872 1527 1001 1588 0000000
1295 1525 1296 1608 l

172 1612 338 1688 Quantum
362 1614 403 1677 ab
427 1613 560 1698 oglosso
583 1611 707 1677 Lethea
728 1634 893 1696 papavera
916 1610 1080 1698 dietant.)
1295 1619 1296 1670 I

118 1717 157 1759 215
172 1700 243 1776 Qua
265 1702 360 1766 labor
383 1705 434 1767 est
456 1702 555 1787 iugis,
577 1723 731 1766 venarum
755 1701 885 1765 flamma
908 1702 1033 1766 residit.

172 1787 277 1855 Cerdo
302 1787 420 1877 snat³),
445 1791 566 1856 scribat
589 1791 708 1868 scriba,
732 1810 828 1875 agros
852 1791 992 1856 rusticus
1016 1795 1122 1874 aptet,

172 1876 316 1943 Clericus
340 1879 470 1944 insudet
491 1879 597 1962 libris,
620 1901 693 1964 nec,
717 1878 822 1963 siquid
845 1879 880 1944 in
902 1878 969 1943 illis

171 1966 374 2052 Reppererit,
398 1967 483 2053 quod
506 1989 573 2033 000
594 1971 721 2050 promte
746 1972 893 2033 occurrat
917 1968 994 2050 sibi,
1018 1971 1136 2033 cesset:

171 2054 247 2120 Non
272 2077 398 2140 semper
421 2055 523 2141 talus,
546 2055 631 2141 quod
654 2056 745 2121 lusor
767 2057 931 2140 postulat,
955 2057 1036 2140 edit,

118 2162 158 2202 000
173 2141 254 2228 Sepe
278 2149 392 2229 000000
416 2145 547 2228 000000,
570 2167 643 2210 oum
667 2167 732 2210 non
756 2149 909 2229 optantur
932 2145 1102 2212 habentur.

171 2232 294 2297 Psalmi
316 2233 420 2298 eciam
442 2238 591 2319 prosunt,
613 2256 708 2317 prece
730 2234 835 2318 turpis
859 2235 967 2299 deficit
990 2235 1097 2318 ardor,

171 2321 219 2387 Ut
243 2322 360 2407 stipula
384 2322 511 2388 ardenti
535 2345 592 2388 seu
615 2327 734 2407 stuppa
757 2323 877 2388 iniecta
900 2323 1039 2408 camino,

172 2411 240 2476 Aut
263 2416 300 2476 ut
322 2411 357 2476 in
379 2412 491 2498 ignitis
515 2412 684 2496 plumbum
707 2433 806 2498 grave
830 2408 998 2499 liquitur⁴)
1023 2413 1105 2477 ollis.

173 2499 265 2577 Quod
290 2501 434 2586 sequitur
455 2506 532 2586 post
555 2501 617 2567 hoc
638 2501 818 2583 „Ardentes
842 2501 924 2564 ferte
947 2498 1147 2589 lucernas“⁵)

119 2605 158 2647 225
173 2588 350 2673 Gregorius
375 2590 502 2674 sapiens
528 2589 573 2656 sic
597 2590 726 2675 digerit,
750 2611 821 2654 0000
844 2589 992 2654 10000000

172 2675 423 2764 Flammigeras,
446 2680 618 2763 perhibens
641 2679 804 2744 factorum
827 2679 976 2763 exempla
998 2678 1170 2744 bonorum.

174 2765 218 2830 Os
241 2767 344 2851 igitur
367 2772 461 2852 regat
484 2774 516 2833 00
539 2769 659 2832 referat
681 2768 768 2832 bona
790 2771 897 2832 mente
919 2766 1069 2852 pudicus,

172 2853 257 2918 Nam
281 2855 368 2920 bona
392 2876 491 2941 agens
516 2861 548 2921 00
571 2878 672 2941 00000
693 2856 830 2940 1000000
855 2857 901 2921 sie
924 2861 996 2921 acta
1018 2859 1148 2922 tuentes

173 2943 319 3025 Detinet,
344 2947 380 3007 ut
402 2944 636 3030 Laborintbus,
659 2945 895 3010 inextricabilis
919 2942 1050 3030 error.⁶)

246 3178 297 3226 210
317 3172 430 3227 lascivio
511 3177 563 3226 214
582 3190 618 3226 00
636 3163 759 3241 aptasse?
784 3172 818 3226 cf.
837 3171 971 3242 Ducange
990 3190 1011 3226 s.
1031 3191 1057 3227 v.
1076 3173 1194 3242 aglossa

174 3251 226 3300 220
246 3261 269 3299 o.
289 3245 323 3299 ab
342 3249 406 3298 auat
976 3251 981 3256 ’

248 3445 274 3511 0)
294 3442 359 3495 nuo.
380 3446 421 3506 00,
442 3445 483 3495 ss.
563 3442 590 3509 0)
610 3437 711 3508 seorg.
731 3437 779 3504 lv,
799 3443 859 3493 040.
939 3440 967 3507 3)
987 3437 1061 3492 Pers.
1080 3437 1129 3506 IV,
1149 3443 1194 3493 51.

175 3517 204 3576 4)
223 3514 257 3567 ef.
276 3512 342 3566 Hor.
363 3513 391 3567 O.
411 3513 431 3577 I,
451 3515 493 3579 35,
513 3515 555 3566 20.
633 3510 659 3578 5)
679 3509 743 3564 Luc.
765 3514 807 3578 12,
827 3514 868 3562 30.
947 3511 974 3578 6)
992 3509 1060 3563 Aen.
1080 3509 1129 3577 VI,
1148 3517 1195 3566 27.

176 3583 258 3638 Prud.
277 3583 380 3652 Apoth.
400 3588 460 3637 203.
