2570 4044
523 217 632 271 LIBER
649 217 671 273 Ι.

86 382 146 447 Ille
169 380 245 464 peni
267 400 376 444 curam
400 379 495 463 petit,
518 379 600 442 altar
622 379 874 463 preposituram

89 470 147 535 Ille
171 467 390 553 cupidinem,
414 468 572 532 novitatis
597 467 733 551 amicus,
756 490 866 533 amaro

88 557 276 623 Sollicitans
301 578 435 621 rancore
457 557 545 622 iecur
568 556 786 621 moderamine
809 556 947 621 fratrum
1116 575 1156 617 rso

87 647 196 712 Enodi
219 667 271 710 res
295 650 484 712 cunctorum
508 645 680 710 decernere
704 645 813 730 gestit.

86 735 249 801 Continuo
272 737 397 819 nactus,
421 733 506 818 quod
530 755 620 798 mens
644 736 758 798 exusta
782 733 898 816 sitivit,

87 824 140 888 Ad
164 842 274 907 regem
298 823 327 887 si
349 822 433 896 forte
458 843 568 887 means
592 822 735 906 signavit
759 822 884 905 ocellis,

88 912 262 977 Pontifices
286 910 381 976 Pario
404 910 505 994 lapidi
529 932 629 995 equos
654 911 736 974 ferre
760 910 910 994 bacillos,

87 1000 272 1066 Mordacem
297 1021 336 1064 ex
359 1000 424 1064 imo
448 1000 604 1084 gemitum
627 999 781 1083 pulmone
802 999 942 1064 remittit
1116 1019 1156 1058 πο

87 1089 133 1154 Et
156 1091 249 1154 natat
271 1089 307 1152 in
330 1088 414 1153 curis
438 1110 500 1173 quo
525 1109 613 1152 more
635 1087 768 1152 vitellus
791 1088 825 1152 in
848 1084 967 1173 alb01),

87 1177 196 1262 Atque
218 1176 280 1260 hec
302 1178 389 1242 intra
413 1198 460 1242 se:
482 1176 569 1262 „Qus
593 1181 625 1240 te
649 1175 787 1241 detrusit
810 1177 844 1240 in
868 1173 1042 1260 arrum),

87 1265 177 1331 Mors
200 1270 269 1331 tam
292 1266 363 1331 dira
386 1266 492 1330 locum
516 1264 673 1330 candente
697 1265 837 1330 satellite
861 1286 989 1331 cassum

87 1353 316 1438 Vestitumque
339 1359 420 1441 toga
443 1354 552 1437 residi,
575 1375 685 1418 roseos
709 1354 766 1419 ubi
790 1354 883 1420 stulti

88 1444 157 1508 Aut
179 1444 291 1508 niveos
315 1443 437 1509 viciant
459 1442 578 1508 tunicis
601 1443 806 1528 nigrantibus
831 1445 920 1508 artus
1116 1459 1155 1501 us

87 1529 385 1618 Denormantque³)
409 1537 507 1615 caput
528 1531 636 1595 ferro?
683 1529 767 1606 Quid
788 1530 867 1595 fiet?
891 1530 1014 1595 inillis

86 1621 237 1704 Degener
260 1621 405 1686 obscuris
429 1620 585 1703 numquid
607 1620 778 1684 versabere
802 1618 950 1702 semper?

86 1710 186 1774 Absit
209 1712 246 1773 ut
267 1709 342 1793 hoc,
366 1709 437 1774 fieri
458 1729 610 1773 nummus
634 1709 722 1773 sinat
744 1703 1003 1794 induperator4),
1117 1781 1119 1788 ¹

86 1798 192 1862 Immo
215 1798 300 1864 hanc
322 1798 461 1863 lacteolo
485 1797 619 1862 baculus
641 1798 718 1862 volo
742 1796 959 1862 candidiorem

86 1887 192 1951 Dente
214 1910 346 1952 manum
369 1887 506 1971 repleat3
531 1886 606 1971 quid
629 1884 872 1951 convenientius
894 1885 958 1950 hoc
982 1883 1072 1949 est?“
1117 1904 1157 1944 rao

86 1974 175 2040 Hine
196 1976 235 2040 fit
257 1981 295 2042 ut
318 1976 423 2061 egroti
446 1975 647 2042 medicamen
669 1975 788 2060 ubique
812 1974 927 2040 salutis

85 2063 264 2140 Querentes
289 2073 410 2149 errent,
433 2069 569 2130 utores
593 2086 673 2148 quas
697 2063 838 2148 perdidit
860 2063 958 2146 altor,

85 2151 132 2217 Et
153 2157 301 2238 pereant,
327 2153 388 2218 fido
412 2153 489 2218 dum
511 2175 576 2220 non
598 2153 706 2218 fotore
729 2153 887 2218 iuvantur.

133 2465 201 2536 (ΙΙΙ.)
224 2463 264 2519 De
282 2477 313 2519 oo
333 2463 406 2532 quod
423 2462 509 2520 libido
527 2464 646 2520 maximo
664 2465 822 2521 dominatur
840 2466 870 2520 in
888 2463 1052 2521 hominibus.

86 2593 171 2658 Sunt
193 2591 424 2656 inmundarum
447 2613 528 2676 quos
553 2612 680 2674 semper
702 2613 792 2656 more
815 2591 972 2676 ferarum,

85 2681 180 2759 Quod
204 2680 326 2746 dictum
349 2681 453 2746 scelus
477 2684 541 2765 est,
565 2679 712 2745 obvolvit
733 2680 807 2744 feda
830 2679 940 2745 libido.
1114 2699 1154 2740 ras

85 2770 166 2835 Inde
190 2768 360 2835 Severinus
383 2773 484 2855 negat
507 2790 576 2834 esse
598 2768 746 2834 homines
769 2768 923 2853 viciosos,

86 2858 299 2942 Sirenumque
323 2880 420 2925 sonos
444 2862 478 2923 et
501 2857 593 2926 Oirce
615 2857 714 2942 fingit
735 2855 897 2923 Homerus

85 2948 207 3012 Pocula
230 2947 372 3033 collegas
395 2947 516 3013 Ythaci
538 2948 653 3013 fecisse
678 2969 772 3013 canes
796 2951 830 3012 et

86 3034 254 3120 Setigeros
275 3058 400 3120 verres,
423 3037 557 3102 canibus
573 3037 666 3121 ,quod
690 3037 850 3122 dignaque
872 3036 980 3122 porois

160 3250 211 3300 172
231 3263 254 3300 c.
273 3247 305 3300 ia
322 3251 395 3301 truce
478 3243 743 3300 ulteriorando
761 3245 897 3302 Hersohel
970 3248 1021 3299 178
1039 3243 1102 3312 fleri

86 3316 224 3372 Hersohel
246 3314 319 3372 falso
393 3321 443 3370 183
460 3317 521 3384 fido
537 3314 688 3370 Herrsohel
706 3314 779 3370 falso

160 3513 186 3581 1)
205 3511 270 3565 Hor.
291 3510 349 3569 sar.
368 3510 402 3579 ΙΙ,
421 3516 447 3578 4,
467 3515 500 3565 12
508 3528 549 3579 sq.
617 3513 645 3580 2)
664 3508 746 3568 Prud.
765 3508 867 3579 Apotb.
889 3516 914 3565 11.
987 3510 1015 3578 3)
1033 3508 1104 3564 Hor.

85 3582 145 3638 sat.
163 3583 199 3650 Il,
219 3587 243 3652 6,
263 3588 287 3636 9.
360 3585 388 3652 4)
407 3582 473 3636 Hor.
493 3580 544 3652 Ep.
563 3581 585 3651 I,
605 3587 630 3649 6,
650 3587 692 3636 37.

1253 3323 1264 3378 l
