2600 4044
186 206 230 270 92
554 206 663 261 sam
679 206 836 262 sussen

186 367 360 452 Accipiunt
382 369 489 449 sedes,
512 369 570 434 ubi
590 369 683 432 nulla
705 368 838 434 licentia
861 371 948 435 sonti

133 456 307 521 *Evenit
329 457 471 538 incluso;
493 480 560 522 non
581 459 650 521 illic
671 458 742 522 filia
764 459 878 541 matri,

186 543 264 609 Non
284 545 387 610 frater
408 547 504 612 fiatri
526 547 615 610 valet
637 568 723 631 esse,
745 568 877 612 sororve
901 546 1008 611 sorori

187 633 333 719 Auxili03
355 634 433 719 quid
455 657 536 700 avus
558 641 695 718 patruus
717 635 770 699 vel
794 635 972 700 avunculus
995 635 1064 700 illic

186 721 344 808 Cognatis
368 724 443 788 avia
465 729 523 788 aut
545 725 648 787 amita
670 727 727 786 aut
749 728 925 788 matertera
947 724 1110 807 prosunt?

186 810 263 876 Non
285 813 325 876 de
347 812 504 877 Tartareo
527 812 737 897 dampnatam
761 813 891 898 gurgite
914 814 996 877 levir

133 919 175 959 aaa
189 898 344 965 Germani
367 902 490 966 sociam
511 922 572 965 nec
594 902 704 965 salvus
727 904 871 966 amasius
894 902 973 965 olim

189 986 308 1054 Caram
332 990 476 1075 diripiet,
496 990 594 1053 nurui
614 1011 682 1053 non
705 990 851 1073 proderit
871 990 940 1054 illic

187 1075 271 1142 Fida
293 1101 406 1143 socrus
429 1099 641 1162 socerumque
664 1099 764 1163 gener
785 1100 852 1143 non
874 1081 965 1142 eruet
987 1078 1057 1163 igni

188 1165 365 1230 Addictum
388 1165 503 1251 Stigio.
548 1167 660 1250 pravis
683 1173 717 1231 et
739 1171 870 1251 pectore
892 1168 991 1231 rectis

188 1253 357 1319 Eximium
380 1255 554 1318 discrimen
577 1256 653 1337 erit,
675 1254 774 1321 Petro
798 1261 896 1340 atque
919 1255 1056 1338 Neroni,

135 1362 177 1401 aco
190 1342 312 1408 Herodi
334 1349 369 1407 et
390 1343 503 1408 tinctis
525 1344 651 1408 insonti
673 1345 831 1430 sanguine
854 1346 955 1409 cunis.

191 1429 269 1513 [sed
290 1431 373 1496 mibi
395 1431 476 1497 dicit
496 1431 596 1497 homo
620 1431 742 1514 Sicula]
766 1433 943 1498 ferventior
964 1432 1075 1497 Ethna

189 1519 353 1607 [S(ol⁴?)us
376 1543 452 1586 amo
474 1521 610 1604 tac]itos
634 1527 669 1586 et
690 1523 824 1606 garrula
846 1521 1017 1587 abominor
1040 1543 1107 1587 ora.

189 1608 284 1693 [Vin,
308 1611 417 1694 sodeS,
441 1611 580 1691 utnon]
604 1610 660 1694 qni
682 1611 866 1674 cornicatur
886 1609 1041 1694 ineptel),

188 1697 334 1783 Vapulet
356 1703 390 1763 et
413 1700 527 1782 quevis
550 1699 648 1764 liceat
670 1699 833 1764 blaterare
855 1697 1024 1782 procaci²)

134 1805 176 1846 acc
189 1786 306 1853 Paucis
330 1793 381 1853 est
402 1793 515 1873 gratus
538 1787 717 1852 diffundere
738 1791 856 1852 cuncta
876 1792 1025 1872 paratus,

189 1875 263 1941 Flet
285 1877 373 1940 lesus
396 1877 514 1941 sinon
535 1877 710 1941 ulciscatur
731 1898 825 1960 puer,
848 1880 881 1940 et
904 1877 980 1960 quid

188 1963 330 2029 Maiores
352 1964 476 2028 faciant
497 1964 611 2028 infesti
634 1968 711 2029 sunt
732 1965 815 2028 mihi
837 1986 957 2049 scurre.

188 2051 321 2117 Moroso
343 2053 442 2134 risor,
464 2053 627 2117 taciturno
651 2053 802 2136 garrulus
825 2054 948 2138 obstet,

190 2138 308 2206 Scurra
330 2141 483 2205 leccatori
506 2162 541 2205 se
563 2141 686 2225 iungit,
708 2142 865 2206 honestus
886 2143 1038 2225 honesto,

135 2247 176 2286 41⁰
188 2228 330 2294 Parvum
353 2251 473 2314 parvus
496 2234 599 2313 amat3
622 2231 670 2296 sic
692 2231 827 2315 quisque
850 2252 962 2315 parem
985 2230 1049 2295 sibi
1073 2231 1191 2315 querit.

189 2316 253 2384 Sed
275 2319 357 2382 mihi
379 2318 430 2383 dic
452 2340 510 2403 per
533 2341 621 2401 eum,
648 2320 704 2404 qni
730 2342 806 2383 rura
828 2320 1004 2404 polumque
1026 2321 1206 2405 gubernat:

188 2406 273 2483 Quid
295 2408 359 2472 tibi
380 2407 467 2472 falsa
489 2411 586 2472 nocet
608 2409 766 2474 detractio
789 2408 952 2494 probrare
974 2409 1085 2474 iusto?

187 2496 260 2561 Hoc
282 2500 407 2580 patere,
429 2497 492 2562 hoc
514 2500 647 2562 sanctos
670 2498 833 2562 examinat
855 2501 893 2561 ut
914 2497 1006 2562 focus
1030 2500 1159 2562 aurum!

188 2583 264 2666 Dio,
287 2607 401 2671 queso,
423 2587 587 2652 collumne
610 2586 703 2652 iubes
725 2587 919 2652 ferientibus
943 2590 1052 2670 eptem

133 2691 174 2731 na
188 2670 354 2739 Inmotum
378 2674 540 2757 mirorque
562 2674 700 2740 manus?
744 2674 831 2739 Inire
855 2675 992 2738 salutem

189 2759 314 2844 Optans
339 2762 495 2844 scalpello
517 2768 662 2829 ventrem
685 2764 824 2828 rimante
848 2763 1005 2829 secandus

189 2848 312 2913 Lentus
334 2851 483 2915 membra
506 2857 618 2917 manet
639 2852 704 2916 nisi
726 2852 822 2916 firma
844 2852 976 2918 fidicula
997 2848 1136 2937 frenet⁸)

188 2936 327 3001 Brachia
350 2958 423 3001 cum
446 2938 605 3022 pedibus?
650 2939 703 3004 Da
724 2938 905 3026 cardiaco¹)
928 2940 1141 3025 piponellam:

260 3205 312 3255 398
332 3217 353 3255 c.
370 3200 468 3268 parma
486 3215 556 3254 corr.
571 3200 706 3255 Herschel
760 3207 810 3256 401
823 3219 883 3272 sqq.
897 3201 976 3258 uncis
990 3201 1099 3258 inclusa
1113 3218 1205 3272 paene

188 3271 300 3327 macula
319 3269 467 3340 deperdita
546 3275 598 3324 412
618 3286 641 3326 o.
657 3273 763 3340 probro
780 3276 815 3340 vt,
834 3276 846 3330 t
864 3273 989 3328 deletum

262 3503 287 3568 1)
307 3503 379 3556 Pers.
399 3505 432 3571 V,
452 3506 493 3555 12.
553 3502 580 3570 2)
598 3500 632 3554 of.
651 3499 718 3555 Hor.
739 3501 796 3556 Sat.
815 3502 849 3570 Π,
870 3511 895 3571 7,
913 3507 956 3556 36.
1017 3504 1044 3573 3)
1063 3501 1099 3558 cf.
1118 3504 1203 3559 Prud.

186 3569 287 3626 Perist.
307 3569 341 3639 X,
359 3575 420 3627 481.
493 3572 521 3639 4)
540 3572 575 3628 cl.
594 3571 660 3626 Hor.
680 3570 737 3625 Sat.
757 3574 790 3640 ll,
810 3579 835 3640 3,
856 3579 915 3628 161.
