2600 4044
170 227 212 290 72
538 226 646 282 SEXTI
664 227 820 283 ananeli

169 389 260 464 Quod
285 389 311 454 si
336 393 484 473 patratas
509 390 703 455 subduceret
726 391 828 455 infula
851 392 963 476 culpas

168 478 214 542 nt
236 479 360 561 relique
383 477 514 562 induvie
538 479 657 544 divinis
680 479 822 545 cultibus
845 484 936 564 apte,

170 565 303 650 Semper
327 587 387 650 ego
411 568 527 632 vellem
550 569 671 633 vestitu
694 568 843 634 incedere
865 570 932 635 tali.

116 673 157 714 rao
170 654 245 721 Non
268 655 342 738 hac,
366 657 459 720 crede
481 656 576 741 mihi,
598 657 760 721 tolluntur
783 661 872 722 veste
896 680 956 723 nec
978 659 1079 743 unda,

168 744 308 808 Pensilis
331 744 465 810 incurva
489 767 586 829 quam
609 745 755 810 continet
778 767 891 810 urceus
915 745 1042 834 ansa1),

170 831 233 898 Sed
255 833 367 916 pocius
391 834 533 898 lacrimis
558 833 596 898 de
619 833 714 898 corde
737 835 912 899 fluentibus
935 836 1013 902 imo.

168 921 364 987 Constantcr
386 925 497 1006 repeto
520 926 702 1005 testemque
725 923 820 987 deum
844 923 926 988 mihi
950 944 1042 989 sumo
1048 975 1058 1010 ,

168 1010 353 1075 Presbitero
377 1011 461 1074 nulli
482 1014 570 1075 reete
593 1011 780 1075 conceditur
802 1033 892 1077 uxor.

115 1115 155 1156 ras
168 1099 259 1183 Ergo
284 1099 481 1183 secerdotes,
505 1099 696 1163 muliebrem
721 1101 863 1183 spernite
886 1101 1009 1165 cultum

167 1187 213 1251 nc
235 1208 294 1251 nec
318 1187 475 1251 adulterio
498 1209 558 1251 nec
580 1187 703 1252 fornice
721 1189 846 1272 perdite
868 1193 1005 1255 vosmet.

167 1272 253 1340 Nem
278 1277 350 1358 quis
374 1275 568 1341 adulterium
593 1298 690 1340 sanus
713 1299 781 1342 non
804 1281 961 1359 exsecret,
983 1278 1070 1343 unde

167 1362 311 1428 Maxima
333 1365 473 1448 gentiles
498 1364 696 1449 scripserunt
719 1366 861 1449 dampna
883 1363 1034 1452 poetell)

168 1449 201 1516 Si
225 1473 292 1516 non
314 1453 480 1517 turbasset
502 1453 725 1518 Lacedemona
748 1453 907 1520 Xanticus
929 1455 1051 1538 hospes

115 1558 154 1598 700
168 1541 371 1625 Absentique
394 1540 554 1607 Helenam
577 1564 645 1607 non
668 1542 877 1627 surripuisset
899 1543 1028 1627 Atride,

168 1628 250 1705 Quid
270 1629 355 1696 Cous
375 1629 560 1717 scriptorl),
579 1631 656 1715 quid
675 1651 814 1716 magnus
827 1631 988 1697 Homerus
1008 1635 1040 1697 et
1056 1633 1188 1720 exlex⁴)

166 1717 326 1806 Enniusl)
351 1724 408 1784 eut
430 1723 515 1784 certe
539 1741 633 1804 quem
657 1719 695 1784 de
719 1742 752 1784 se
776 1719 913 1785 Mantua
934 1724 1048 1786 natum

167 1806 273 1872 Iactat
296 1808 523 1892 scripsissent?
569 1807 692 1873 Sinon
715 1807 777 1874 hoc
800 1811 937 1873 materia
960 1819 1057 1895 esset,

167 1893 260 1960 Unde
282 1899 336 1960 tot
358 1898 507 1982 egregios
531 1900 665 1980 possent
688 1897 835 1962 diducere
858 1896 1027 1986 versustss)

114 2001 152 2040 ros
167 1982 237 2047 Illis
260 1984 428 2069 ingenium
453 1985 570 2049 subtile
595 1990 671 2048 dens
695 1985 783 2050 dedit
806 1990 839 2050 et
864 2007 918 2050 cor

167 2070 337 2136 Scribendi
360 2072 572 2156 quodcunque
596 2073 739 2156 placeret
763 2075 824 2157 eis,
847 2075 993 2158 alioquin

166 2156 392 2243 Nequicquam
414 2161 558 2226 excirent
581 2161 674 2226 fictas
697 2161 853 2228 Helicone
878 2161 1069 2250 camenas&

165 2247 271 2312 Edere
295 2249 396 2334 digna
418 2245 589 2336 hederis.⁸)
635 2249 749 2316 Nostri
773 2273 871 2316 causa
894 2252 973 2316 deus
996 2253 1064 2317 illis

166 2334 286 2420 Gessit,
308 2342 345 2403 ut
368 2360 407 2403 ex
431 2339 561 2422 scriptis
584 2360 645 2403 nos
668 2339 895 2422 proficeremus
919 2363 1039 2406 eorum.

112 2443 152 2483 000
167 2423 308 2491 Cunctos
332 2448 410 2513 ergo
434 2428 524 2493 decet
547 2427 733 2492 macharum
757 2451 906 2513 spernere
931 2436 1094 2515 amorem,'

165 2513 246 2580 Illos
269 2517 421 2599 precipue
445 2517 500 2602 qui
523 2521 599 2582 sunt
622 2518 787 2599 speculum
812 2518 984 2602 laicorum,

165 2602 212 2668 Ut
234 2604 310 2668 dum
334 2606 491 2670 sinceram
515 2605 636 2669 ducunt
660 2606 729 2670 sine
753 2607 887 2670 crimine
910 2604 1057 2694 vitem⁹)‚

97 2717 98 2722 ¹
165 2689 331 2775 Intrepida
354 2695 482 2777 possint
505 2694 668 2758 subiectos
694 2716 824 2778 carpere
847 2717 934 2760 voce.

165 2778 251 2843 Nam
274 2783 369 2863 turpe
393 2787 455 2865 est,
476 2784 584 2865 ipsum
608 2783 693 2866 quod
716 2784 812 2867 culpa
834 2785 916 2870 ligat
940 2784 1150 2868 monitorem,

111 2883 151 2924 000
166 2866 260 2942 Quod
283 2889 490 2933 verrucosum
512 2871 654 2936 verrucis
677 2871 794 2954 plenus
818 2869 1031 2958 abhorret¹⁰),

164 2953 210 3020 Ut
233 2960 310 3039 pote
334 2957 419 3040 quod
443 2957 566 3025 domini
589 2959 773 3043 cupientem
798 2983 924 3026 sumere
949 2983 1064 3046 corpus

237 3154 288 3203 777
307 3166 330 3204 c.
349 3149 399 3202 aab
418 3149 527 3204 duceret
596 3155 646 3204 779
666 3165 689 3206 c.
709 3151 848 3206 incedere
916 3158 967 3208 803
988 3169 1011 3208 c.
1030 3153 1185 3210 subiectos

163 3260 375 3268 ——=---—-

237 3309 264 3378 1)
281 3306 405 3362 Martial.
420 3306 494 3375 XIV,
510 3312 570 3372 106,
587 3312 610 3364 1.
684 3310 714 3431 2)
731 3307 825 3364 Sednl.
840 3307 868 3364 O.
883 3311 913 3366 P.
928 3311 950 3380 1,
967 3316 1009 3367 17.
1082 3314 1109 3382 3)
1130 3311 1183 3369 Ov.

164 3378 255 3433 Amat.
275 3377 321 3446 ΙΙΙ,
341 3384 401 3433 329.
497 3381 524 3447 4)
543 3377 610 3434 Hor.
630 3378 681 3448 Ep.

166 3454 208 3517 15,
224 3455 266 3506 19,
330 3451 358 3518 6)
377 3450 442 3504 Hor.
458 3448 515 3503 Sat.
530 3447 565 3516 11,
582 3455 605 3518 1,
621 3457 646 3505 4.
703 3450 729 3520 7)
744 3450 778 3504 cf.
795 3449 862 3505 Aen.
877 3449 939 3517 VII,
954 3459 1014 3508 641.
1065 3453 1181 3524 8)an

165 3517 193 3572 Ο.
213 3521 235 3585 Ι,
256 3525 279 3586 1,
299 3525 333 3573 29
352 3521 381 3573 ct
400 3520 486 3575 schol.
507 3521 606 3574 Acron.
689 3520 716 3588 9)
735 3518 803 3576 Aen.
823 3520 870 3590 IV,
889 3527 950 3577 650.
1040 3527 1083 3593 10)
1103 3523 1182 3581 Pers.

163 3588 185 3655 I,
205 3595 237 3643 77
258 3591 288 3643 et
306 3589 391 3643 schol.
411 3590 440 3643 in
459 3589 521 3644 fine.

717 3378 860 3448 cmm
960 3382 1183 3452 ammi
1298 3403 1299 3428 ι
