2570 4044
519 207 630 264 LIBER
648 208 669 262 I.

79 374 194 440 Unum
218 371 359 455 naturis,
382 373 484 435 estate
508 372 647 457 geluque
669 371 834 436 trementi:

80 463 143 528 Ille
168 461 247 526 fides
272 463 390 544 aptans
414 459 526 524 crebro
551 460 701 544 diapente
725 482 872 543 canorae,

82 550 246 617 Straverit
267 553 305 613 ut
328 548 484 634 grandem
507 549 648 632 pastoris
669 548 770 614 funda
793 545 942 635 Goliath,

81 639 131 705 Ut
155 638 258 705 simili
281 640 415 722 argutus
438 659 571 701 uxorem
594 635 751 718 Suevulus
775 641 846 702 arte

82 725 263 811 Luee1·it¹),
286 730 385 811 utque
409 747 509 811 sagax
531 726 710 791 nudaverat
732 729 807 791 ecto
830 730 960 793 tenores

75 814 418 900 ‚Cantua'Pytagorae
441 818 475 879 et
498 836 595 898 quam
619 835 708 880 mera
730 837 794 880 vox
818 814 1000 899 Philomela

82 904 275 988 Perstrepit.
321 903 450 968 Interea
472 906 581 968 motus
606 903 757 988 clangore
779 904 932 968 tubarum

83 995 192 1079 Urget
214 991 311 1057 herur
335 992 473 1057 celerem
497 991 675 1057 calcaribus
699 993 746 1058 ire
769 993 930 1059 caballum
1047 1015 1050 1020 ·

83 1085 147 1148 Per
171 1082 289 1167 saltus,
311 1102 446 1146 nemora
469 1083 502 1144 et
525 1080 654 1164 epie'eos-
672 1081 810 1166 caligine
832 1082 931 1147 lucca.

83 1169 148 1236 Hic
171 1171 275 1254 tiliae,
297 1168 392 1255 fagos·
415 1170 550 1234 reboare
573 1170 704 1252 inpellit
728 1175 760 1235 et
783 1192 881 1235 ornos

84 1261 305 1343 Proceraeque
327 1258 412 1323 feras
436 1258 523 1322 ferro
548 1259 691 1323 sulcante
714 1260 869 1343 trucidat,

85 1348 149 1414 Sed
172 1341 303 1412 teneroe
327 1347 435 1430 pullos
460 1368 584 1412 annexo
607 1347 684 1412 fune
707 1347 886 1413 domandos

83 1437 207 1502 Venari
231 1437 329 1520 atque
352 1435 459 1520 plagia
482 1435 573 1500 vivos
597 1436 758 1502 innectere
781 1437 896 1520 fervet,

85 1526 131 1592 Ut
154 1525 278 1589 muscia
298 1526 400 1589 letum
423 1524 557 1589 molitur
579 1547 699 1589 aranea
722 1523 828 1610 tela.²)

84 1614 304 1699 Pracipitique
328 1614 416 1698 capit
437 1613 586 1678 volucres
610 1613 762 1698 indagine
786 1634 912 1695 cervoe,

84 1704 122 1772 In
147 1724 212 1787 qua
235 1703 430 1767 conveniunt
452 1700 566 1786 lincea,
589 1723 698 1786 capre,
721 1724 815 1766 ursus
840 1722 988 1786 aparque.

84 1794 166 1858 Post
188 1790 249 1873 hec
272 1791 379 1855 irretit
401 1793 550 1856 assuetos
572 1790 681 1856 vivere
704 1788 832 1877 rapt0³)

84 1880 267 1964 Accipitres
290 1879 411 1964 pedicis
436 1883 469 1944 et
492 1882 604 1962 captos
628 1901 703 1964 sepe
727 1884 862 1945 coronat

85 1968 341 2053 suppeditatque
365 1969 454 2034 cibos
477 1969 588 2053 tuguri
611 1968 738 2034 clausos
761 1973 798 2034 ut
822 1969 855 2034 in
880 1989 951 2034 arce

84 2058 250 2124 Umbroea
273 2057 381 2123 videat
404 2058 515 2142 pluma
538 2057 695 2122 candente
718 2058 843 2124 navari.

447 2389 590 2462 [uri-ue
608 2389 739 2462 uum]

82 2519 134 2598 De
157 2517 250 2583 viciis
275 2509 459 2582 memorans
483 2539 549 2582 non
572 2521 618 2602 te,
642 2515 776 2600 Cocytia
799 2516 915 2600 pertis,
945 2507 948 2516 ’

82 2606 298 2685 Transierim,
320 2607 454 2691 invidia,
477 2611 526 2690 te,
547 2627 605 2691 per
629 2626 725 2688 quam
748 2605 872 2670 luridus
896 2603 1012 2690 anguis

158 2787 210 2835 442
230 2797 253 2836 c.
268 2781 421 2854 philomene
515 2784 568 2835 443
588 2797 611 2834 c.
629 2780 662 2834 ia
679 2785 753 2834 terea
843 2784 895 2835 447
914 2795 964 2850 pac
981 2779 1056 2846 ferae
1073 2778 1103 2833 in

81 2871 138 2909 rae,
193 2857 335 2922 quereres
352 2853 426 2918 ferro
439 2851 563 2907 sulcante
575 2852 699 2907 trucidat
713 2850 868 2920 scripsit‘ltl
925 2855 979 2905 449
995 2850 1101 2922 plcpie]

82 2926 93 2979 t
117 2924 148 2978 in
171 2923 224 2979 rae.
331 2928 384 2978 452
408 2939 431 2978 c.
455 2924 620 2979 cccccicwtt
733 2928 786 2976 453
810 2922 903 3047 rapto}
922 2929 973 2993 pto
995 2925 1024 2976 in
1047 2939 1102 2978 ras.

82 3001 138 3050 455
158 3011 181 3050 c.
201 3011 297 3050 canace
315 3011 384 3049 corr.
403 2993 500 3064 Haupt
603 2994 659 3065 [Dc
677 2994 799 3065 inuidia]
820 2995 885 3048 dees
919 3012 951 3062 c,
970 2993 1102 3050 librarius

81 3065 201 3120 titulum
229 3064 326 3120 omisit
352 3065 399 3120 hic
423 3082 457 3120 eo
480 3064 691 3133 desideratum·
711 3065 778 3134 quia
800 3067 829 3119 et
850 3065 937 3135 poeta
959 3064 996 3120 ad
1025 3064 1103 3119 aliud

81 3135 187 3192 transit
210 3138 406 3206 argumentum
431 3139 460 3192 et
481 3134 613 3190 librarius
632 3136 757 3205 primam
781 3152 875 3191 versus
899 3141 950 3191 457
977 3135 1103 3190 litteram

82 3206 225 3262 initialem
244 3224 317 3275 quae
336 3207 440 3262 dicitur
457 3206 592 3273 reddidit3
611 3207 726 3264 titulum
746 3206 854 3277 sumpsi
873 3223 887 3260 e
907 3222 988 3262 versu
1007 3210 1070 3260 458·

159 3368 186 3436 1)
213 3366 248 3420 ci.
267 3383 347 3435 -quae
369 3365 466 3436 Haupt
495 3366 531 3420 ad
558 3366 631 3420 hunc
657 3367 751 3422 locum
776 3365 886 3421 monuit
907 3368 927 3420 l.
950 3364 969 3421 l.
995 3371 1103 3435 p.·163.

82 3440 232 3507 practerea
254 3437 289 3492 cf.
314 3437 436 3492 Anselm.
458 3440 540 3507 geete
563 3454 625 3508 epp.
650 3437 734 3493 Leod.
759 3455 782 3492 c.
807 3441 840 3492 it
864 3435 945 3490 illum
968 3436 1102 3506 perfidiae

82 3511 200 3648 pppuppt
217 3509 248 3633 gt
267 3508 372 3564 fraudis
391 3508 600 3573 Alamannicae.
661 3511 689 3577 2)
708 3509 774 3564 Met.
794 3507 841 3576 VI,
862 3513 921 3563 145.
981 3509 1008 3580 3)
1027 3506 1103 3564 Curt.

140 3677 251 3719 Annum
265 3677 399 3720 Sramorre.
699 3641 706 3652 ⁶
928 3673 944 3722 2
