2570 4044
497 231 605 287 LIBER
624 233 644 287 I.
1036 234 1074 297 ll

43 394 178 459 Officio
203 393 327 460 distans
351 394 392 459 ab
417 416 455 458 ea
479 393 602 458 distans
627 415 752 479 quoque
776 416 878 459 cursu.

45 483 237 548 Stellarum
260 504 431 547 nnmerum
455 481 518 547 scis
543 490 638 566 atque
661 482 820 547 vocabula
842 479 965 569 solus1)
1091 503 1130 543 225

43 571 163 655 Inque
187 571 254 635 tuis
278 570 379 635 oculis
402 574 440 635 ut
461 571 533 635 heri
557 574 632 636 sunt
655 571 763 635 secula
786 569 921 656 mille2),

44 659 182 744 Nilque
205 660 380 724 decretus
404 663 463 724 est.
508 659 706 744 Relegamne
731 660 771 724 ab
796 661 921 744 origine
944 682 1026 726 cana

45 750 243 832 Antiquum
268 754 381 830 satane
406 748 523 833 2221222,
546 770 589 812 an
610 749 766 832 replicare
789 749 957 813 recusem?
1088 751 1090 755 ’

48 837 144 913 Quid
168 840 314 920 repetam
336 837 530 920 infaustum,
553 837 683 902 domino
707 837 784 902 dum
808 837 919 902 cedere
941 839 1044 903 nescit

46 925 193 990 Factori
215 925 334 1010 factus,
358 926 433 990 dum
457 947 492 990 se
515 925 564 989 illi
586 925 736 1010 turgidus
760 929 872 1010 equat,
1089 946 1129 986 222

48 1015 101 1081 Ut
128 1014 277 1078 subitum
298 1013 409 1099 fulgur
431 1015 587 1079 libratum
611 1014 741 1079 cardine
764 1011 855 1101 celi³)

48 1102 260 1187 Luciferum,
284 1103 375 1187 culpe
400 1102 499 1167 simul
523 1103 746 1167 assensoribus
770 1103 866 1187 actis,

49 1192 101 1256 Et
127 1189 175 1256 sic
198 1190 361 1256 fuscatum
385 1191 497 1257 viciosi
520 1192 655 1266 crimine
677 1192 753 1257 nevi

50 1280 103 1346 Ut
127 1279 221 1344 focus
245 1280 377 1344 obducit
399 1281 555 1345 cacabum
578 1280 714 1365 fuligine
738 1279 913 1365 cupreum?

35 1368 144 1444 'Quid
166 1371 312 1452 repetam
338 1368 460 1433 domini
482 1369 658 1434 formatum
681 1369 798 1452 pollice
820 1370 947 1452 plasma
1089 1387 1128 1428 2³⁵

52 1458 107 1522 De
133 1457 212 1522 limo
237 1461 270 1520 et
292 1457 406 1522 limum
430 1458 539 1522 subito
561 1458 733 1522 incaluisse
757 1460 898 1541 tumore,

52 1546 146 1610 Dum
170 1545 293 1610 domini
316 1546 496 1611 iniunctum
519 1567 647 1611 servare
671 1545 837 1611 exhorruit
859 1546 977 1630 Adam,

54 1636 198 1700 Pomum
222 1634 417 1708 manducans
440 1635 579 1701 vetitum
602 1635 795 1719 culpamque
819 1634 978 1716 superbus

54 1724 97 1788 In
123 1723 290 1788 dominum
313 1725 468 1808 torquens
493 1723 556 1788 sibi
581 1727 614 1788 et
637 1723 725 1788 omni
749 1722 935 1806 posteritati

54 1813 217 1900 Eternum
239 1812 416 1894 inpendens
440 1815 551 1896 eterna
573 1815 678 1876 morte
702 1812 861 1895 laborem,
1088 1831 1128 1871 222

54 1901 102 1965 Ni
125 1922 182 1964 rex
205 1900 362 1982 excelsus,
386 1901 502 1966 virides
527 1901 583 1985 qui
607 1901 754 1986 gramine
777 1904 883 1964 terras

56 1989 299 2073 Lucentemque
322 1986 489 2076 globum⁴)
513 1989 641 2074 lateque
665 1990 817 2055 sonantia
841 1985 991 2076 stagna5)

56 2077 162 2156 Fecit,
185 2077 316 2143 mortali
338 2078 491 2162 dignatus
514 2099 609 2143 carne
634 2079 752 2163 operiri

57 2166 99 2231 In
121 2187 214 2232 cruce
236 2187 295 2250 pro
318 2167 413 2238 nobis
437 2171 573 2231 mortem
597 2168 732 2234 libasset
755 2166 926 2232 acerbam?

58 2255 172 2319 Vitam
196 2254 305 2339 signat
327 2255 431 2321 adhue
453 2255 592 2320 mediam
616 2260 726 2321 tamen
749 2259 820 2320 atra
843 2255 984 2321 cicatrix.
1088 2272 1126 2313 222

59 2343 154 2409 Nunc
176 2341 246 2425 Λᾶς
267 2343 391 2408 'factum
414 2366 537 2428 pauper
559 2344 767 2429 locuplesque
792 2349 975 2429 sequentes,

60 2432 261 2516 Quamquam
286 2433 459 2498 dissimiles
483 2434 601 2498 buccas
624 2431 771 2519 inflare⁶)
795 2433 901 2497 solent
924 2435 957 2496 et

60 2519 200 2585 Naribus
225 2523 366 2586 excussis
390 2517 618 2608 suspenderel)
642 2525 757 2586 cuncta
778 2521 843 2586 nisi
867 2543 991 2585 aurum.

61 2607 184 2692 Nempe
206 2611 315 2674 tumor
337 2610 468 2674 demens
492 2614 525 2675 et
546 2610 687 2675 habendi
709 2610 824 2674 insana
847 2606 996 2694 cupido⁸)

61 2695 245 2762 (lonvenere
268 2699 330 2762 fide
354 2699 547 2783 dextrasque
571 2699 684 2781 dedere
707 2697 859 2763 vicissim.
1087 2715 1128 2755 ³00

61 2785 145 2850 Nam
168 2807 240 2850 cum
263 2792 436 2871 paupertas
460 2789 556 2853 rebus
579 2789 769 2874 plerumque
793 2786 941 2853 secundis

61 2873 167 2940 Pollet
188 2879 326 2960 postque
350 2897 466 2962 sagum
489 2877 625 2962 lugubre
647 2876 822 2962 preffulget
844 2877 879 2941 in
902 2875 1000 2960 albis,

63 2961 195 3028 Comere
219 2964 308 3029 tedet
329 2965 464 3029 humum
487 2966 692 3050 priscamque
716 2965 866 3030 reducere
890 2967 1011 3031 sortem

65 3089 271 3097 ‚nn——

130 3160 270 3210 ass-343
294 3156 337 3212 ed.
362 3156 498 3212 Herschel
516 3156 534 3212 l.
554 3157 573 3211 l.
592 3175 619 3228 p.
640 3162 673 3212 95
684 3173 724 3226 sq.
811 3162 862 3212 302
887 3158 952 3211 ante
975 3173 1072 3225 sapam

63 3242 146 3295 parva
163 3243 260 3281 rasura

131 3387 156 3453 1)
175 3383 268 3441 Sedul.
288 3385 316 3440 O.
336 3387 366 3442 P.
386 3386 407 3455 1,
428 3392 461 3441 66
472 3404 513 3456 sq.
582 3389 609 3458 2)
627 3387 699 3441 Psal.
720 3393 762 3456 89,
782 3393 807 3440 4.
876 3387 905 3456 3)
924 3386 958 3441 cf.
979 3385 1073 3443 Sidon.

64 3455 114 3524 Ap.
133 3454 160 3510 0.
179 3456 265 3524 XXII,
286 3463 345 3513 156.
378 3455 518 3513 Aldhelm.
539 3458 573 3512 de
592 3458 666 3514 laud.
686 3459 756 3528 virg.
777 3463 854 3513 1886.
957 3461 985 3526 4)
1004 3458 1072 3511 Aen.

65 3525 184 3596 21222.
294 3529 321 3598 s)
345 3527 427 3583 Prud.
451 3529 550 3596 Psych.
570 3534 612 3584 cs.
727 3534 754 3598 2)
777 3529 843 3584 Hor.
867 3527 925 3582 222.
944 3527 966 3596 1,
987 3532 1011 3598 1,
1030 3533 1073 3581 22.

64 3602 88 3665 1)
106 3599 175 3654 Ρ222.
196 3597 254 3655 Sat.
273 3600 293 3668 1,
315 3605 374 3657 118.
448 3601 476 3669 8)
496 3600 564 3654 Aen.
584 3599 631 3670 IX,
651 3606 711 3656 760.
