2570 4044
183 203 204 268 8
554 195 830 252 sarrianaacn

131 383 173 424 rso
185 363 355 430 Fecerunt.
399 359 445 426 let
468 360 514 427 sic
535 360 685 427 homines
708 362 852 425 mutasse
876 359 1010 429 Medusa

183 451 335 538 Fingitur
357 449 392 515 in
415 449 553 533 lapides,
577 471 658 534 quos
681 452 769 514 stare
791 449 825 514 in
848 450 942 514 sorde
965 453 1085 539 coegit.

184 539 279 607 Sorte
301 539 494 626 pudiciciam
517 538 625 604 vicisti
647 541 794 621 tempore
817 542 931 604 nostro

182 629 311 714 Insigni
332 629 458 712 pridem
481 627 663 694 redimitam
685 626 829 710 timpora
850 627 941 692 lauro
949 627 990 715 ¹),

183 718 272 784 Feda
295 719 374 784 lues.
418 715 579 800 Populum
603 715 800 781 babtismate
822 715 1033 783 nobilitatum

129 826 170 868 res
185 807 307 873 Annon
329 806 496 892 degeneris
518 805 658 870 victores
682 825 745 888 quo
768 806 862 889 petre
884 806 965 870 creti

183 897 378 962 Percensere
400 893 513 960 decet?
558 891 629 957 Iam
652 892 775 978 desine,
797 892 879 957 tolle
902 897 1048 980 catenas,

184 985 293 1070 Tolle,
315 988 403 1068 tuas,
425 982 585 1067 priscique
608 982 718 1046 furens
740 981 946 1048 reminiscere
969 985 1039 1049 fati.

184 1074 392 1140 Bellantesne
414 1074 511 1155 putas
533 1071 658 1134 incerta
682 1073 770 1135 sorte
793 1071 924 1135 carere?

184 1163 280 1230 Nune
302 1162 338 1226 hi
361 1160 586 1244 succumbunt,
609 1180 694 1224 nune
717 1181 801 1244 equa
824 1163 912 1224 sorte
934 1167 1127 1249 resurgunt,

131 1271 173 1312 aee
186 1251 263 1318 Non
286 1271 414 1333 semper
435 1269 521 1334 rega
544 1247 673 1313 sorsin
696 1248 807 1313 eodem
830 1249 966 1315 tramite
988 1251 1098 1316 currit.

184 1339 247 1404 Dic
270 1359 344 1424 age,
368 1337 434 1422 dic,
457 1359 519 1423 que
542 1339 636 1402 tanta
658 1339 713 1420 tue
736 1336 854 1402 fiducia
876 1337 1007 1422 palme?

186 1427 270 1495 (tum
293 1427 486 1513 quandoque
510 1429 600 1492 satus
624 1425 663 1489 de
685 1425 812 1510 virgine
834 1426 986 1510 respiciet
1007 1450 1067 1493 nos

184 1516 236 1584 Ac
258 1517 364 1584 nostri
387 1516 529 1581 clemens
553 1513 772 1598 miserebitur,
795 1513 959 1580 interimet
981 1518 1023 1581 te.

187 1606 214 1672 0
238 1609 344 1672 mater
366 1603 461 1688 felix,
483 1603 624 1670 heresim
647 1625 724 1669 nam
748 1604 886 1686 perculit
909 1625 1050 1690 omnem,

133 1714 174 1756 sos
189 1696 259 1779 Que
281 1695 376 1781 virgo
400 1693 539 1779 peperit,
562 1696 638 1777 post
660 1695 791 1777 partum
813 1693 908 1777 virgo
931 1694 1096 1762 remansit.

185 1783 291 1869 Virgo
316 1785 411 1848 deum
435 1781 572 1866 peperit,
595 1803 662 1846 non
685 1784 826 1865 patrem,
849 1781 905 1846 sed
927 1785 1021 1865 patre
1043 1787 1175 1852 natum.

188 1872 234 1938 Ut
256 1871 419 1956 quondam
442 1869 547 1936 Oinici
568 1870 714 1954 reluere,
738 1869 824 1953 quod
847 1870 917 1953 ipse
939 1870 1094 1956 Philippo

186 1958 403 2047 „Indubitas,“
434 1958 540 2043 inquit
570 1958 675 2042 „quod
708 1977 768 2042 ego
800 1958 835 2024 in
865 1962 958 2043 patre
988 1962 1021 2024 et
1042 1965 1146 2084 pater
1178 1967 1216 2030 in

886 2069 938 2112 me
961 2048 1038 2114 est.“

188 2136 251 2202 Sed
274 2139 383 2201 tamen
407 2137 440 2202 et
464 2135 526 2200 soli
548 2134 639 2217 varie
663 2137 740 2198 sunt
762 2135 989 2219 proprietates.
1054 2050 1068 2135 )

132 2246 175 2287 alo
186 2226 276 2311 Ergo
301 2225 509 2291 abscidantur
532 2224 571 2288 de
595 2244 731 2307 quorum
754 2224 896 2308 pullulat
919 2246 1009 2290 error

187 2315 333 2399 Robore,
355 2312 505 2398 Fotinus,
527 2311 701 2378 Nestorius
724 2311 951 2398 Elbidiusque,

188 2403 361 2490 Appellas,
383 2401 523 2487 Noetns,
547 2398 709 2466 Satellius
733 2405 829 2487 atque
852 2400 1011 2468 Bonosus.

188 2491 429 2579 Argumentum
452 2491 552 2556 etiam
574 2489 733 2556 frustrata
755 2511 913 2576 puerpera
935 2491 1028 2577 virgo
1052 2490 1151 2580 est:³)

134 2583 340 2736 81⁵,Reminp
363 2582 392 2649 si
413 2582 557 2734 peperitt,
579 2579 873 2732 P0R⁶fiiti⁸⁰3n⁰fli0
896 2578 1010 2734 virilip‘f

188 2689 724 2843 setensteten
748 2688 980 2842 stetten
995 2692 1014 2734 ¹·

188 2846 411 2931 Investigatur
434 2867 561 2911 summa
584 2847 728 2910 certante
751 2845 867 2929 sophia

190 2933 397 3020 Sylogismus
421 2934 520 3019 agat?
544 2931 661 3018 quidve
686 2935 755 2998 arte
778 2934 915 3017 probata
936 2933 1087 2998 retellens

191 3022 359 3090 Contortis
383 3025 500 3106 arguta
522 3020 627 3087 modis
651 3021 820 3087 dialectiea
842 3022 948 3106 possit

189 3182 403 3194 ——.-..—-.

192 3343 203 3397 l
217 3343 240 3398 ι.
265 3272 316 3324 19⁶
326 3267 476 3339 deponeris]
486 3265 564 3337 prius
574 3267 714 3338 depeream
758 3272 810 3322 203
821 3285 844 3324 c.
855 3267 999 3324 interimet
1048 3271 1100 3322 219
1112 3285 1135 3324 c.
1146 3269 1212 3328 dia·

202 3359 216 3398 e
227 3359 273 3397 sca

265 3503 291 3571 1)
309 3499 378 3555 Aen.
397 3498 444 3567 111,
464 3503 507 3553 81.
576 3499 604 3570 2)
622 3497 681 3552 Iob.
702 3502 744 3567 10,
763 3501 805 3552 38.
834 3495 927 3553 Sedul.
949 3495 977 3551 0.
997 3495 1094 3552 Pasch.
1109 3497 1130 3568 Ι,
1145 3504 1210 3556 321.

190 3573 218 3641 3)
236 3571 320 3628 Prud.
340 3570 420 3626 Ceth.
438 3568 485 3639 IX,
506 3573 547 3624 19.
