2600 4044
525 197 633 252 LIBER
650 198 698 254 ΠΙ.
1079 200 1120 264 61

108 361 156 427 Ur
180 381 250 424 sese
273 359 346 444 regi
368 360 593 425 commendent
616 366 733 427 cuncta
755 363 895 446 regenti,

105 449 232 515 Fratris
257 469 367 512 amore
391 449 533 512 animam
557 449 707 516 decorare
729 451 797 515 iere
820 452 911 535 piget
935 471 1056 515 omnes.

105 539 153 604 At
175 543 212 602 tu
236 537 291 621 qui
315 537 445 602 domino
469 542 599 622 gratum
622 543 656 603 tc
678 539 809 604 reddere
833 539 950 622 mavis,
1135 557 1176 599 455

106 627 206 692 Reice
229 626 366 690 livorem
389 625 490 690 fidum
513 627 569 712 qui
593 627 712 693 scindit
735 649 892 710 amorem,

105 716 163 782 Nil
187 715 304 797 satius,
326 715 386 796 nil,
409 737 481 780 esse
503 720 596 799 puta,
620 738 717 800 quam
739 716 823 782 velle
845 715 1021 800 propinqui

107 803 203 870 Velle
228 802 333 887 sequi,
355 807 466 868 tamen
488 808 526 868 ui
548 826 613 869 non
637 805 758 888 landes,
781 805 809 868 si
833 805 919 868 male
942 804 1019 889 quid
1042 805 1122 870 vult.

107 893 171 970 Qui
194 893 223 956 si
247 893 290 956 sit
312 892 388 955 talis
412 891 497 976 quod
520 894 626 976 possis
650 894 811 977 corripere
834 893 940 975 illum,

108 981 243 1065 Corripe
266 984 300 1044 el
322 984 359 1044 ut
382 985 487 1044 cesset
508 1002 657 1064 perverse
680 983 790 1047 vivere
812 982 927 1065 suade3
1136 1002 1177 1042 rso

106 1071 366 1152 Peccantemque
389 1070 439 1133 tui
461 1091 586 1134 memor
607 1071 770 1136 interdum
793 1070 843 1136 fer
866 1071 982 1154 amice,

108 1159 186 1225 Non
210 1179 273 1241 quo
296 1157 444 1242 nequicie
467 1159 668 1224 concordans
692 1161 751 1242 sis,
775 1159 831 1224 sed
854 1164 890 1225 ut
912 1159 967 1224 ille

108 1245 160 1313 Ex
184 1247 304 1312 virtute
327 1250 384 1329 tue
408 1252 633 1332 conpungatur
655 1249 799 1332 pietatis:

69 1367 70 1370 ¹
109 1335 215 1401 Nemo
239 1334 344 1398 malus
369 1333 476 1400 subito
501 1335 704 1401 damnandus
728 1343 760 1402 et
783 1337 984 1420 abiciendus,

109 1424 257 1489 Dilatum
280 1423 393 1489 lolium
417 1422 511 1488 docet
532 1425 595 1490 hoo
618 1425 780 1509 dilataque
802 1426 892 1492 ficus.
1138 1443 1178 1484 rso

112 1513 146 1578 si
168 1512 304 1576 fratrem
325 1511 450 1576 fervere
472 1512 561 1577 vides
585 1515 742 1579 bonitalis
766 1535 889 1598 amore,

110 1601 193 1668 Cum
217 1600 342 1684 superis
367 1601 498 1666 domino
522 1603 657 1667 cationis
682 1601 810 1667 sedulus
833 1603 932 1686 ymni.

110 1690 238 1768 Quanta
261 1689 304 1754 sit
327 1693 360 1753 ct
383 1691 489 1774 qualis
512 1691 656 1776 dilectio,
679 1691 792 1773 Paule,
814 1696 925 1774 notas,
948 1690 1069 1777 oum1):

109 1777 165 1864 „si
187 1778 310 1863 linguis
333 1779 450 1862 loquar
473 1780 628 1864 angelicis
651 1801 729 1844 vero
753 1779 822 1843 sine
845 1800 969 1863 amore,

110 1868 233 1932 Tinnio
256 1872 294 1930 ut
316 1865 369 1930 es“
392 1869 502 1952 inquis
525 1869 595 1951 „vel
619 1868 704 1933 sicul
727 1868 868 1933 cimbala
890 1869 1016 1953 clengo.
1139 1887 1180 1927 4⁷0

110 1955 145 2021 Si
168 1955 248 2019 mihi
271 1955 447 2021 veridicum
472 1957 589 2022 cedcnl
611 1959 763 2043 presagia
785 1960 911 2043 vatum,

111 2045 158 2110 Aa
182 2044 271 2109 cordi
295 2044 403 2108 suavis
426 2046 602 2130 flagrantia
624 2046 709 2112 desit
731 2047 869 2131 amoris,

110 2132 167 2197 Nil
192 2155 277 2217 sum3
300 2136 448 2216 preterea
471 2135 500 2199 si
523 2138 669 2220 cunctas,
692 2157 773 2220 quas
796 2136 916 2220 habeo,
939 2157 992 2200 res

112 2222 333 2306 Inpensasque
356 2243 444 2286 meas
467 2223 502 2286 in
525 2221 776 2307 pulmentariff)
800 2229 833 2288 et
855 2246 944 2289 escas

109 2309 313 2394 Pauperibus
336 2311 485 2395 prodam,
509 2311 578 2375 sine
602 2333 711 2376 amore
733 2313 834 2377 nichil
857 2313 939 2377 mihi
960 2312 1103 2396 prodest.
1140 2327 1180 2370 4⁷⁵

111 2399 188 2466 Non
212 2397 344 2462 inflatur
367 2421 472 2484 amor,
495 2421 561 2464 non
584 2399 701 2484 ambit,
722 2422 782 2466 nec
805 2422 864 2464 sua
888 2402 1005 2484 querit,

111 2487 232 2554 Omnia
255 2488 408 2573 suslinet,
433 2489 542 2554 omnia
566 2492 676 2571 sperat
699 2494 732 2553 et
755 2489 864 2553 omnia
886 2487 1016 2552 credi&

112 2575 198 2652 Quid
223 2576 265 2640 sit
289 2597 393 2661 amor,
415 2577 551 2662 pulchre
574 2577 718 2642 declarat
739 2577 832 2661 virgo
856 2576 1019 2642 Iohannes

111 2664 151 2729 In
176 2685 255 2730 cena
278 2663 401 2731 Christi
424 2665 479 2750 qui
502 2666 596 2730 triste
620 2666 768 2732 cubando
792 2665 940 2751 gravavit

110 2751 278 2841 Pectus³):
302 2774 393 2819 amor
417 2755 494 2820 deus
518 2758 582 2839 est,
609 2756 719 2839 etqui
741 2758 853 2820 manet
874 2755 937 2820 hoc
959 2754 993 2818 in
1017 2775 1127 2820 amore
1141 2771 1182 2812 48⁰

111 2843 152 2908 In
177 2842 307 2908 domino
331 2847 496 2908 monetet
519 2842 667 2909 dominus
691 2843 843 2928 dignatur
866 2844 901 2908 in
923 2843 996 2927 illo,

111 2931 201 2996 Dum
224 2952 290 2996 non
312 2932 384 2996 rull
408 2933 448 2996 ab
473 2954 582 2998 amore
605 2933 659 3016 pio
684 2953 824 3016 cessere,
848 2954 987 2997 manere.

183 3164 419 3215 roccamaura
525 3159 593 3231 fere]
614 3159 737 3229 primum
755 3177 768 3214 c
787 3161 901 3214 anteat
1007 3165 1060 3214 459
1079 3160 1130 3284 Ἥ

16 3259 19 3266 ·
112 3232 198 3286 antea
216 3237 248 3284 at
337 3235 389 3285 467
409 3231 523 3286 cationis
543 3233 590 3297 (an
609 3232 782 3299 cantilenisl)
806 3232 916 3286 sedulae
933 3232 1011 3301 ymni
1030 3247 1082 3286 sor.

111 3301 303 3371 (scribendum
321 3303 404 3371 puto:
423 3302 549 3356 cantabis
566 3303 676 3357 sedulae
694 3305 800 3372 ymnos)
903 3307 956 3356 479
980 3318 1003 3356 c.
1023 3303 1131 3357 Iaceaa

111 3541 130 3624 4
164 3500 247 3623 161)1
269 3497 329 3552 Cor.
351 3501 489 3566 13,1-7.
545 3497 572 3565 2)
593 3495 954 3566 cf.Hor.Sat.11‚2‚eo.
990 3500 1017 3567 3)
1038 3496 1131 3554 110h.

136 3611 142 3638 ‚
200 3612 205 3622 .
465 3613 468 3620 .
644 3615 646 3620 .
