2600 4044
502 229 610 284 LIBER
627 229 673 286 III.
1055 228 1099 292 75

80 395 155 479 Ipse
178 398 289 458 autem
313 392 453 457 clemens
477 393 650 476 largusque
673 414 788 458 novem
812 391 873 456 tibi
896 392 994 475 liquit

79 483 210 567 Partes,
232 485 269 545 ut
292 480 451 545 decimam
474 485 621 564 promtus
646 481 709 545 des.
750 479 828 546 Non
850 480 946 544 modo
971 481 1095 548 fruetus

79 572 162 636 Dico
188 569 264 648 soli,
288 569 345 634 sed
369 569 521 653 quioquid
543 569 645 634 habes
669 569 827 634 decimare
850 569 1000 633 iuberis.“
1109 593 1148 633 ses

79 661 149 725 Hec
173 663 207 722 et
231 658 367 742 quisque
389 657 494 722 bonus
517 657 644 742 placido
669 679 815 723 sermone
838 659 988 741 loquatur

78 749 204 814 Doctor
228 751 261 810 et
285 746 410 810 erudiat
433 747 518 830 quod
540 747 635 811 novit
658 768 815 830 quemque
839 746 962 811 decere:
1079 781 1080 784 ¹

77 835 186 901 Natos
211 840 398 899 ammoneat
419 857 533 919 parere
556 836 746 920 parentibus
771 838 867 919 atque

78 925 199 991 Servos
223 928 260 987 ut
283 924 422 988 dominis
446 924 598 988 studeant
621 926 742 989 servire
764 923 889 1006 fideles,

77 1014 206 1079 Uxores
230 1012 345 1077 doceat
368 1012 530 1077 subiectas
554 1034 624 1078 esse
648 1013 788 1096 maritiS,

77 1103 177 1167 Mites
202 1104 298 1185 atque
322 1100 394 1185 pios
417 1101 573 1166 uxoribus
597 1123 667 1166 esse
691 1101 842 1184 maritos,

78 1190 270 1274 Cunctaque
294 1210 355 1273 que
380 1194 493 1254 sancta
517 1190 582 1253 sint
605 1191 691 1255 dicat
713 1191 829 1255 idonea
852 1189 927 1253 vita.

77 1280 262 1344 Pravorum
285 1299 302 1342 e
325 1279 476 1343 manibus
500 1278 607 1362 rapiat
629 1279 797 1344 conamine
821 1298 947 1343 summo

77 1368 247 1451 Quemque
270 1367 404 1451 bonum,
428 1370 465 1432 ut
487 1367 579 1432 Raab
604 1389 666 1451 que
690 1367 749 1431 lini
773 1366 916 1431 fascibus
941 1366 1062 1431 abdens

75 1456 222 1541 Legatos
245 1456 365 1519 meruit
388 1456 543 1521 celebrari
565 1455 659 1520 laude
683 1453 864 1540 perenni¹);
1109 1478 1148 1519 ers

74 1545 215 1610 Nullum
239 1544 304 1609 odii
327 1566 426 1609 causa
449 1545 609 1609 disturbet
631 1545 775 1628 iniquus,
799 1543 940 1625 itemque

75 1634 215 1699 Nullum
238 1632 390 1698 defendat
413 1655 515 1716 parva
537 1633 659 1718 pietate
682 1633 852 1715 rebellem,

77 1721 141 1788 Sed
167 1721 378 1805 quodcunque
402 1722 497 1786 docet
517 1722 570 1785 rel
594 1721 680 1806 egit,
703 1721 854 1786 discretio
878 1720 993 1784 firmet.

76 1811 149 1894 Hec
173 1809 279 1874 facere
303 1810 473 1895 ignorans,
497 1811 552 1894 qui
577 1811 753 1875 stultorum
776 1831 847 1873 esse
872 1807 1029 1893 magister

76 1899 203 1981 Possit,
225 1920 292 1962 non
314 1898 423 1984 video,
446 1899 637 1983 praesertim
661 1921 733 1964 cum
756 1901 869 1982 pateat
891 1897 976 1981 quod
1109 1921 1149 1961 seo

78 1987 121 2052 In
144 1988 272 2052 foveam
296 1981 391 2053 ambo
415 1992 514 2052 ruunt
537 1988 566 2052 si
589 2009 681 2053 cecus
705 1992 757 2053 eat
780 1982 998 2071 duce‘oeco.²)

78 2077 152 2142 Hac
176 2077 267 2140 inre
291 2076 420 2159 quidam
444 2076 596 2160 culpandi
619 2077 791 2162 pontifices
817 2080 905 2157 sunt,

79 2165 143 2240 Qui
167 2164 355 2248 plerumque
378 2165 472 2229 rudes
496 2165 676 2230 sublimant
699 2169 731 2230 et
753 2165 892 2230 viciosos

78 2253 269 2337 Ordinibus,
294 2255 393 2336 stulte
417 2255 558 2319 vitantes
583 2276 728 2338 querere,
751 2277 830 2319 num
854 2253 898 2317 sit

82 2341 219 2426 Servus,
242 2363 337 2425 quem
362 2346 503 2425 sacrant,
528 2345 585 2406 aut
606 2342 690 2407 liber
713 2343 838 2406 sobrius
863 2344 1021 2425 autnon,
1109 2362 1148 2402 sss

76 2431 125 2496 Et
148 2451 229 2515 quos
252 2434 416 2515 transacta
438 2435 538 2496 testes
562 2435 656 2514 paret
679 2431 772 2495 edere
794 2431 876 2511 vite,

79 2519 168 2584 Dum
192 2520 338 2586 mercede
362 2542 477 2584 manus
501 2520 619 2584 nolunt
642 2519 818 2584 subducere
843 2518 883 2582 ab
908 2518 1004 2582 omni.

78 2608 165 2674 Nam
194 2608 222 2670 si
250 2609 441 2674 eredendum
470 2611 533 2693 est,
565 2609 734 2692 quosdam,
763 2608 839 2691 quia
867 2607 952 2671 clem
980 2628 1094 2672 manus

786 2699 886 2761 uncta
908 2693 1005 2782 estl),

79 2784 281 2871 Suscipiunt,
305 2810 324 2852 a
347 2785 511 2850 nonnullis
535 2784 679 2850 indebita
701 2789 841 2868 poscunt

79 2874 245 2959 Obsequia
268 2880 301 2941 et
322 2877 432 2958 plures
454 2875 596 2956 humane
620 2873 725 2938 laudis
749 2897 860 2940 amore
1066 2897 1069 2904 ·
1108 2893 1148 2932 eso

79 2961 304 3048 Sanctificant3
327 2965 471 3028 karisma
493 2968 600 3047 tuum,
624 2963 709 3046 quod
732 2964 884 3028 venditur
907 2963 989 3047 ullo,

152 3195 204 3245 864
211 3191 348 3262 promtus]
363 3191 465 3260 tibipr.
476 3188 700 3258 Btidingertalso
712 3206 818 3244 eversu
829 3196 880 3245 863
938 3196 988 3245 867
1004 3189 1094 3261 novit]

78 3259 223 3330 Br'idinger
240 3261 311 3318 falso
330 3277 439 3329 novum,
458 3277 527 3316 corr.
547 3261 736 3316 Wattenbach
755 3261 792 3315 ib.
813 3280 839 3330 p.
861 3267 912 3316 104
1000 3265 1051 3314 872
1071 3278 1093 3315 c.

78 3337 201 3458 sitnm
218 3420 234 3458 r
252 3338 354 3458 tte.
367 3334 562 3472 tillem
581 3338 641 3458 0⁸⁷⁷
662 3349 698 3386 ²¹¹
712 3339 823 3401 llll?
903 3337 955 3387 ⁸⁸⁴
973 3332 1093 3407 carere]

153 3602 179 3668 1)
197 3599 251 3654 10⁸.
271 3605 297 3666 a,
315 3604 392 3657 1-e.
448 3601 476 3666 a)
491 3598 593 3652 March.
610 3603 651 3666 ra,
669 3602 709 3652 14.
766 3595 1036 3669 a)Hor.np.1,1a‚
