2600 4044
138 235 180 300 70
506 232 613 288 SEXTI
630 231 785 288 AMARCII

85 417 124 458 us
139 396 173 464 si
195 397 318 462 vellent
340 397 469 480 penitus
494 395 636 483 genialia
660 395 747 460 culta
769 393 901 460 vetare?

137 487 227 551 Tunc
250 486 348 550 etiam
372 486 477 550 sancti
500 486 648 550 doctores
672 485 767 569 signa
791 479 982 569 stupenda¹)

136 575 261 640 Fecere.
308 573 354 640 Ut
377 580 501 640 taceam
526 575 564 638 de
588 572 703 638 claudo
728 578 761 637 et
783 569 978 658 Dorcadel),
1002 577 1121 636 sanant

135 662 242 748 Egros
266 665 366 728 verba
388 664 485 728 Petri.
534 663 613 740 Quis
636 682 722 726 nunc
746 661 844 725 etiam
868 681 962 743 prece
986 664 1079 725 curat

136 753 361 838 languentem
386 751 603 837 quamquam?
641 749 706 813 Our
728 772 794 815 non
817 750 900 813 fiunt
918 749 1015 814 modo
1035 751 1156 835 signa?

84 861 123 900 uo
138 841 257 906 Annon
281 846 359 906 sunt
380 841 439 905 ulli
462 841 621 905 virtutum
645 841 782 904 stemate
805 841 919 902 nostro

137 930 296 1013 Tempore
319 928 503 1015 pollentes?
550 927 635 993 Sane
659 932 749 1011 sunt,
773 927 828 990 sed
852 927 929 1010 quia
951 926 1042 991 radix

136 1017 207 1083 Iam
229 1018 318 1103 viget
342 1019 474 1102 ecclesie
498 1017 619 1082 multos
642 1019 797 1099 vegetata
820 1037 876 1100 per
901 1036 1017 1094 annos,

137 1104 213 1171 Non
236 1129 316 1190 opus
340 1111 391 1172 est
414 1106 517 1191 signis
542 1109 599 1170 aut
620 1104 739 1192 verbis
754 1103 918 1169 suavibus.
962 1102 1037 1188 Ipse

138 1195 332 1260 Orodentum
354 1196 494 1280 populus
518 1194 675 1259 viciorum
698 1193 799 1258 fortia
820 1192 889 1258 tela

83 1301 123 1341 ⁷2⁵
137 1283 334 1368 Perpetitur,
358 1288 469 1348 tamen
492 1283 624 1349 obsistit
645 1303 705 1346 nec
729 1281 875 1346 subiacet
897 1281 976 1345 illis:

137 1372 233 1437 Ferre
258 1395 379 1438 annosa
402 1373 492 1438 abies
516 1371 644 1455 pluvios
667 1392 733 1435 nou
757 1371 873 1435 abnuit
896 1374 1031 1435 austros.

135 1461 227 1544 Ergo
251 1462 336 1526 lacte
359 1462 422 1526 fuit
444 1466 629 1526 tenerorum
652 1482 742 1525 more
765 1458 902 1544 riganda

136 1549 285 1636 Ecclesia
307 1548 483 1635 infantum,
507 1572 570 1635 quo
594 1549 680 1633 cepit
701 1554 849 1632 tempore
872 1548 975 1630 nasci,

135 1638 182 1703 Et
204 1639 331 1704 blandis
356 1640 487 1705 monitis
512 1661 569 1705 ceu
592 1637 684 1702 molli
706 1638 795 1720 pulte
819 1636 966 1701 cibando.

84 1745 124 1785 ⁷³⁰
139 1725 202 1792 Sed
225 1732 397 1812 postquam
421 1729 506 1812 cepit
528 1727 709 1791 validorum
732 1747 822 1790 more
845 1725 953 1789 videre

136 1816 317 1900 Tyronum‚
334 1817 445 1882 'solida
468 1815 629 1899 pascenda
652 1815 724 1880 cibo
748 1814 823 1895 fuit,
845 1813 908 1878 hoc
931 1817 981 1877 est

136 1904 299 1989 Preceptis
324 1905 478 1989 gravibus
502 1904 676 1968 subdenda.
722 1903 767 1967 Et
790 1903 831 1967 ob
855 1902 918 1967 hoc
940 1903 1117 1967 venerandi

136 1992 237 2057 Rome
261 1994 442 2077 pontifices,
467 1993 529 2057 alio
554 2014 636 2076 quos
660 1991 789 2056 nomine
812 1992 930 2075 vulgus

137 2082 292 2165 Appellat
315 2104 428 2166 papas,
452 2081 646 2145 interdixere
670 2080 803 2145 maritas

43 2231 47 2239 .
84 2187 123 2227 ue
137 2170 345 2250 Presbiteris,
368 2175 405 2234 ut
429 2170 485 2254 qui
508 2169 642 2254 cupiunt
665 2170 852 2254 contingere
877 2167 980 2232 sancti

138 2257 236 2323 Sacra
259 2258 323 2342 dei,
347 2258 483 2323 mundos
508 2281 542 2323 se
566 2259 661 2324 corde
685 2262 718 2322 01
740 2278 875 2340 corpore
899 2262 1040 2342 servent,

137 2347 259 2413 Levitis
284 2348 383 2414 etiam
408 2348 560 2432 quoniam
585 2347 764 2432 funguutur
788 2345 908 2428 stipsi

136 2435 265 2502 Divinis
289 2439 388 2502 sacris
414 2437 686 2522 appellanturque
709 2434 860 2499 ministri.
900 2469 904 2482 »

137 2524 316 2591 Monachus
342 2549 361 2591 a
383 2527 510 2610 pompis
534 2525 707 2590 mundanis
732 2528 848 2608 sponte
872 2524 1018 2611 recessit3

84 2631 124 2670 ⁷40
139 2612 321 2697 Obiurgara
344 2616 436 2680 illum
459 2637 526 2680 non
550 2614 687 2680 multum
710 2613 851 2696 pertinet
875 2612 914 2678 ad
938 2634 988 2676 me

137 2700 206 2766 Nec
229 2705 332 2785 cupio.
378 2703 501 2768 Tamen
524 2703 587 2769 hoc
610 2705 796 2769 constanter
819 2701 889 2766 dico
914 2702 999 2785 quod
1021 2701 1076 2766 ille
1103 2707 1157 2768 est

137 2789 316 2854 Monachus
339 2791 460 2874 infelix,
484 2793 539 2876 qui
562 2814 627 2856 non
650 2792 722 2856 vult
745 2791 827 2854 scire
852 2789 927 2875 quid
951 2791 1013 2856 hoc
1036 2789 1081 2855 sit

137 2878 315 2943 Monachus
339 2884 372 2943 et
395 2883 504 2944 sancte
527 2881 664 2945 vivendo
688 2879 865 2945 monachus
890 2901 969 2944 esse.

137 2965 236 3032 Velat
259 2989 331 3031 eum
354 2969 456 3032 vastis
480 2969 569 3051 pullo
593 2969 721 3034 fuscata
744 2968 865 3050 colore,

84 3073 123 3114 745
137 3055 185 3121 Ut
208 3056 425 3140 despectibilis
448 3057 571 3122 mundo
594 3057 742 3122 videatur
765 3058 931 3140 inopsque.

209 3326 303 3375 ⁷26c.
324 3273 431 3375 00111100
450 3335 587 3389 superscr.
608 3320 637 3384 et
655 3333 725 3372 eras.
780 3323 831 3372 777
852 3319 920 3374 laete
937 3316 968 3370 in
986 3333 1040 3372 ras.
1056 3333 1108 3372 sor.
1124 3317 1155 3371 M

140 3395 191 3446 740
210 3408 234 3446 0.
256 3391 295 3448 Ob
314 3393 426 3463 turpare
498 3395 548 3444 ‘142
569 3404 592 3442 0.
611 3390 643 3442 iu
661 3388 730 3455 felice

210 3606 237 3671 1)
256 3603 290 3658 cf.
309 3602 449 3656 Aldhalm.
469 3601 543 3656 laud.
564 3601 633 3668 virg.
653 3605 712 3654 797.
786 3602 813 3667 2)
831 3597 903 3652 Acta
922 3615 966 3666 cp.
986 3604 1010 3666 9,
1030 3605 1118 3668 3600.
