2570 4044
136 227 202 281 X1v
537 211 750 268 PRAEFATIO.

137 398 199 462 que
231 376 437 442 describeret.
490 376 598 460 Atque
630 376 677 440 ita
707 373 878 440 Amarcius
912 375 963 440 sui
995 378 1155 462 temporis

137 487 263 532 morum
290 464 386 529 iudex
414 467 544 530 tantum
571 464 658 530 mala
685 468 722 529 ut
744 462 815 528 fieri
839 464 923 528 solet
946 465 1153 550 conspicatus

138 576 193 620 eos
218 554 274 638 qui
297 552 421 618 Romae
444 554 616 638 praecipua
640 556 767 618 saturas
787 553 987 637 scripserunt
1004 553 1155 620 imitatus

137 646 187 709 est
215 643 340 708 scilicet
361 640 536 708 Horatium
544 640 568 727 1)
597 640 746 707 Persium
772 640 968 706 Iuvenalem.
1015 642 1085 720 Quo
1114 644 1156 709 fit

135 737 173 797 ut
204 731 398 797 Teutonicae
429 753 482 796 res
520 731 710 816 saepissime
742 729 909 795 Romanae
947 730 1154 815 antiquitatis

136 821 219 886 facie
249 823 344 904 atque
372 821 478 886 colore
507 819 724 904 depingantur
752 818 803 884 oui
830 818 910 884 vitio
939 819 1005 884 fere
1038 841 1152 886 omnes

136 909 235 974 medii
259 910 329 974 aevi
352 912 467 993 poetae
492 908 738 973 succubuerunt
784 905 869 983 Quid
893 909 1014 973 sentiat
1038 912 1153 975 auctor

137 999 176 1063 de
200 999 297 1063 rebus
321 997 464 1064 carmine
487 997 667 1062 tractandis
690 996 786 1062 facile
810 998 963 1080 cognosci
983 1001 1093 1081 potest
1112 1021 1153 1064 ex

135 1087 234 1170 primi
261 1087 338 1151 libri
365 1086 471 1170 capite
499 1087 604 1169 primo
633 1084 685 1151 cui
717 1085 883 1169 inscripsit
914 1085 1080 1170 „epilogus
1111 1089 1152 1152 de
1187 1138 1192 1150 ,

135 1176 311 1241 virtutibus
344 1178 475 1258 patrum
509 1177 542 1238 et
573 1175 790 1258 posteriorum
822 1173 945 1239 viciis“:
983 1178 1016 1238 et
1052 1176 1151 1240 nimis

135 1265 281 1349 queritur
308 1263 346 1327 de
376 1263 426 1328 sui
454 1263 608 1346 temporis
637 1284 745 1327 rerum
769 1263 856 1328 malo
881 1265 969 1328 statu
993 1264 1152 1330 moribus-

137 1373 198 1436 que
222 1352 407 1436 depravatis
431 1355 463 1416 et
486 1351 694 1417 vehementer
716 1352 750 1415 in
773 1351 898 1416 caelum
917 1352 981 1416 fert
999 1374 1050 1417 res
1069 1356 1150 1419 tem-

136 1441 226 1526 poris
246 1440 318 1524 acti,
342 1440 428 1526 quod
452 1462 509 1525 per
531 1444 638 1506 totum
662 1460 791 1504 carmen
814 1440 935 1504 factum
960 1461 1030 1506 esse
1053 1441 1151 1507 facile

134 1530 320 1615 perspicias.
345 1529 515 1595 Amarcius
530 1530 559 1594 si
573 1528 801 1595 Germanicam
815 1532 1012 1594 vetustatem
1026 1551 1151 1595 meram

135 1619 372 1705 descripsisset,
408 1619 583 1684 maximam
616 1619 646 1683 ei
678 1617 818 1704 gratiam
850 1617 1056 1702 haberemus,
1093 1620 1152 1685 sed

136 1708 248 1793 paucis
263 1708 405 1793 exceptis
416 1730 489 1773 cum
498 1708 616 1792 prioris
633 1707 751 1773 aetatis
767 1707 854 1772 bona
868 1706 989 1790 laudat,
1003 1710 1151 1793 exempla

137 1818 175 1860 ex
194 1797 304 1862 bibliis
325 1797 446 1862 sanctis
466 1797 615 1881 sumpsit,
634 1818 731 1880 quam
750 1795 797 1876 ob
811 1816 880 1859 rem
898 1817 957 1880 pro
978 1794 1150 1862 Germanis

133 1885 324 1969 plerumque
357 1884 497 1950 Hebraei
530 1885 679 1949 laudibus
712 1884 896 1950 efferuntur.
951 1881 1007 1949 Sui
1040 1888 1150 1951 autem

134 1973 290 2058 temporis
313 1971 482 2038 Hebraeos
508 1973 647 2037 maxime
674 1993 808 2056 perosos
831 1972 947 2038 habuit
969 1973 1151 2059 Amarcius,

135 2065 171 2127 ut
202 2066 279 2126 tunc
313 2061 462 2126 solebant
494 2062 556 2127 viri
589 2059 798 2127 ecclesiastici
830 2062 982 2127 invadere
1010 2062 1148 2128 Iudaeos

134 2149 287 2235 religioso
312 2150 452 2234 quodam
481 2149 589 2216 furore
617 2152 714 2233 atque
737 2150 818 2216 odio.
865 2151 911 2216 nt
934 2172 1015 2234 quae
1038 2173 1148 2218 recen·

132 2239 227 2304 tioris
257 2240 374 2305 aetatis
402 2239 489 2304 mala
517 2243 685 2304 enumerat
707 2242 818 2323 poeta,
845 2239 968 2304 maiore
992 2261 1031 2304 ex
1053 2244 1149 2324 parte

111 2390 112 2393 ,
132 2328 245 2393 hausit
269 2350 307 2392 ex
331 2329 534 2394 satiricorum
552 2326 774 2394 Romanorum
794 2328 924 2412 scriptis
943 2351 1043 2413 supra
1061 2350 1148 2394 com·

133 2420 402 2502 memoratorum,
430 2421 477 2482 ita
504 2422 541 2482 ut
570 2439 665 2502 saepe
689 2417 829 2482 Romani
857 2438 964 2482 mores
987 2438 1045 2500 pro
1070 2415 1148 2482 Ger·

132 2505 268 2572 manicis
288 2507 487 2573 vellicentur.
527 2505 619 2583 Quod
638 2506 832 2590 scriptorum
851 2506 948 2570 medii
967 2507 1038 2572 aevi
1061 2527 1147 2573 com-

132 2617 228 2660 mune
252 2597 368 2662 vitium
392 2618 462 2662 esse
485 2617 580 2660 nemo
605 2597 744 2680 ignorat.

197 2683 321 2749 Auctor
354 2707 483 2750 carmen
516 2707 610 2749 suum
641 2685 675 2748 in
708 2687 863 2767 quattuor
893 2683 995 2750 libros
1027 2683 1147 2768 divisit,

133 2771 249 2854 quibus
273 2773 429 2837 materiae
453 2773 623 2856 dispositio
648 2771 780 2836 minime
803 2771 985 2856 respondet.
1027 2771 1146 2836 Primis

131 2859 217 2923 enim
241 2859 317 2924 libri
340 2861 437 2945 primi
461 2860 621 2944 capitibus
645 2861 679 2923 in
702 2862 885 2926 eommunia
912 2861 991 2925 vitia
1017 2862 1145 2925 locutus

132 2952 170 3011 ut
193 2953 268 3012 sunt
291 2950 428 3013 avaritia
450 2949 550 3014 libido
576 2948 728 3032 superbia
746 2949 883 3034 luxuria,
906 2950 939 3013 in
964 2949 1146 3035 posteriore

130 3040 221 3119 parte
245 3036 321 3100 libri
344 3037 442 3120 primi
466 3041 562 3122 atque
585 3037 620 3101 in
643 3040 714 3102 toto
741 3036 824 3104 libro
854 3038 992 3103 secundo
1015 3036 1145 3104 Iudaeis

130 3123 334 3190 Christianae
372 3125 446 3190 fidei
483 3125 666 3210 expertibus
699 3147 788 3192 more
825 3127 933 3193 clerici
966 3124 1147 3191 Christiani

131 3212 305 3278 maledicit.
335 3212 422 3289 Quae
441 3236 517 3299 pars
533 3214 638 3300 magis
654 3215 805 3300 episodua
825 3237 906 3302 quae
926 3214 1061 3282 vocatur
1080 3214 1145 3280 dici

128 3306 239 3386 potest
272 3323 369 3385 quam
401 3305 437 3366 ut
467 3307 575 3369 totum
606 3324 735 3368 carmen
767 3307 942 3370 continuet.
992 3303 1076 3367 Dein
1108 3303 1145 3367 in

201 3515 226 3581 1)
252 3512 284 3567 ld
303 3512 361 3569 iam
381 3511 514 3584 cognovit
533 3511 615 3582 Hugo
635 3513 669 3569 de
688 3512 834 3584 Trimberg
853 3513 883 3567 in
902 3513 1020 3582 registro
1039 3527 1089 3566 suo
1109 3513 1146 3568 de

129 3583 259 3639 Amarcio
280 3582 322 3638 ita
340 3584 464 3640 locutus:
484 3583 650 3652 „Horatium
668 3584 698 3638 in
717 3585 810 3638 satiris
830 3583 887 3638 suis
906 3583 1057 3638 imitatus.“
1072 3605 1105 3676 2⁵·
