2600 4044
552 212 662 268 LIBER
679 213 714 267 ΙΙ.

126 373 279 440 Stercore
300 378 465 440 verrentes
488 376 657 440 halantem
681 397 797 440 auxere
820 374 1004 464 mefitim¹):

128 461 182 528 Sic
204 462 309 547 patris
332 457 498 529 thitofel
520 466 653 548 natique
677 464 807 529 diremit
830 464 1016 551 amorem.²)

126 552 275 635 Possem,
297 552 331 616 ni
353 553 466 637 pigeat
487 553 695 637 gravitasque
718 554 903 618 inamabilis
927 555 992 620 acti
1158 574 1199 613 555

125 639 305 725 Elinguem
326 641 440 726 faciat,
463 641 632 706 bachantis
655 642 763 727 iurgia
785 643 892 707 multa

2 771 5 814 ,
126 727 319 794 Eumenidis
341 751 536 813 memorare,
559 731 646 795 leves
670 732 788 815 quibus
811 731 928 796 incitat
951 752 1053 797 aures,

128 815 191 883 Sed
214 818 348 883 reticere
371 819 463 884 decet
484 841 550 884 non
573 828 658 884 certe
682 820 826 904 cognita,
848 842 927 884 nam
948 841 1009 885 nec

126 907 264 971 Pectora
286 912 365 971 nota
387 908 557 973 hominum
581 911 657 972 sunt
679 928 739 973 nec
761 909 932 992 precordia
955 910 1059 975 nobis.

126 993 184 1059 Nil
206 995 373 1079 ignoranti
395 997 581 1081 linquamus
605 1001 719 1080 operta
740 998 883 1081 tonanti,
1158 1016 1198 1057 555

127 1083 173 1148 Et
195 1087 315 1149 temere
337 1086 462 1150 ineerta
485 1085 524 1150 de
547 1107 670 1150 renen
693 1085 814 1150 iudicet
837 1087 934 1151 ullus.

127 1172 236 1237 Pauca
260 1177 296 1237 ut
318 1173 417 1239 homo
441 1174 588 1255 memini,
610 1196 687 1238 nam
711 1175 773 1240 soli
797 1176 940 1259 plurima
962 1196 1059 1241 nosse

130 1258 290 1326 Convenit
313 1263 454 1344 excelso,
476 1263 581 1328 cordis
604 1264 788 1346 penetralia
811 1265 900 1329 solus

127 1347 321 1436 Perspicit³)
345 1355 378 1415 et
400 1352 500 1416 rimas
525 1356 558 1416 et
580 1373 645 1417 non
670 1356 744 1437 eget
765 1353 871 1419 indice
895 1375 1072 1438 quoquam,

129 1436 312 1524 sacrilegus
336 1461 446 1505 coram
469 1462 534 1525 quo
555 1462 623 1505 non
646 1444 742 1525 queet
763 1442 900 1508 inficiari
1158 1461 1200 1500 ⁵⁷0

130 1525 287 1611 Crimina,
311 1549 372 1612 que
395 1530 520 1595 medico
543 1529 657 1594 vivens
679 1529 803 1594 nudare
825 1531 913 1595 fideli

128 1615 283 1699 Erubuit,
304 1617 487 1702 linquitque
510 1639 603 1682 suam
625 1621 809 1702 putrescere
832 1620 973 1703 plagam.

128 1705 182 1770 Ira
206 1705 290 1771 citus
313 1705 404 1772 furor
427 1705 524 1792 est⁴)‚
547 1729 611 1791 qua
634 1706 711 1771 dum
734 1707 806 1792 quis
829 1708 957 1792 frendet
979 1711 1017 1772 ut
1039 1708 1108 1772 ovis

127 1793 250 1859 Lexiva
273 1794 425 1859 admixtis
449 1799 581 1880 spumat
603 1795 805 1882 revomitque
827 1796 962 1880 salivas,

128 1882 241 1948 Alcior
264 1885 407 1967 assurgit
430 1885 575 1949 mordaci
597 1888 729 1969 gutture
752 1888 890 1968 suumn,
1158 1904 1198 1944 575

128 1971 218 2035 Tunc
240 1971 344 2036 iratus
368 1973 439 2058 agit
460 1973 571 2039 subito
594 1974 784 2057 limphando
807 1975 915 2039 furore

3 2117 4 2134 ,
129 2058 222 2135 Quod
245 2059 361 2124 fecisse
384 2062 497 2145 pudet,
521 2063 608 2147 quod
630 2065 755 2147 penitet
777 2063 852 2129 ilico
874 2063 997 2128 factum

129 2147 279 2231 Frustra,
301 2170 379 2214 nam
401 2150 527 2216 factum
548 2152 670 2235 nequid
692 2152 847 2217 infectum
869 2153 955 2233 fieri3
979 2153 1036 2217 sed

128 2236 182 2303 Sic
206 2237 331 2302 confert
353 2239 506 2322 quoniam
531 2241 625 2306 venia
648 2241 842 2325 conpunctio
867 2241 972 2306 cordis

128 2325 207 2392 Non
230 2332 319 2392 caret
341 2348 419 2412 erga
441 2329 589 2395 homines
613 2334 709 2413 atquc
733 2351 851 2414 equum
875 2329 1113 2414 celipotentem.
1159 2348 1200 2387 580

128 2414 252 2480 Taliter
273 2413 446 2501 Ysiades⁵)
469 2419 570 2482 letum
594 2418 714 2483 delevit
737 2415 857 2504 Uriae)

126 2503 310 2589 Desperare
333 2509 442 2570 nocet:
464 2506 547 2571 vidit
570 2505 714 2572 Samarie
736 2508 806 2591 regi

127 2591 293 2658 Dilectum
315 2594 399 2658 calvi
421 2599 611 2660 renuentem
634 2596 721 2661 dicta
743 2595 901 2680 prophete

129 2681 300 2748 Calcatum
322 2682 359 2746 in
381 2685 484 2766 portis
508 2685 691 2749 miseranda
712 2689 817 2749 morte
840 2680 987 2769 perire.⁷)

128 2769 251 2836 Nullus
275 2771 436 2854 desperet:
460 2795 534 2837 eum
556 2776 656 2839 verba
680 2772 827 2838 salutifer
850 2795 906 2838 ore
1158 2790 1199 2830 585

127 2858 257 2924 Dixerit
279 2860 344 2924 ista
367 2860 460 2944 deus,
482 2883 548 2926 non
572 2884 670 2947 quero
694 2862 883 2946 desipientis

126 3004 342 3012 ——.—-..

201 3093 254 3143 558
277 3104 300 3141 o.
319 3088 435 3142 meeitim
538 3093 599 3144 4563
622 3089 688 3162 Sed]
712 3107 735 3144 c.
756 3089 865 3146 Ocorr.
884 3088 913 3142 M
1021 3107 1044 3144 c.
1068 3090 1145 3145 cert&

127 3164 182 3213 574
206 3175 229 3211 c.
248 3159 285 3213 ad
303 3160 399 3214 mute
488 3166 539 3215 577
559 3163 647 3231 pudet
664 3161 694 3215 in
712 3176 766 3215 ras.
858 3166 909 3215 583
929 3177 951 3214 c.
970 3168 1146 3216 rennuentem

127 3229 251 3300 primum
269 3248 290 3284 n
308 3247 378 3284 eras.
451 3235 503 3285 586
522 3249 559 3286 an
578 3237 692 3302 queror?

201 3449 228 3512 1)
250 3443 325 3498 Pers.
350 3441 401 3508 Ill,
422 3447 464 3497 99.
488 3444 557 3500 Aen.
576 3443 641 3510 Vll,
661 3450 702 3499 84.
812 3445 839 3500 2)
865 3449 880 3497 8
904 3443 973 3512 Reg.
994 3447 1039 3510 15,
1060 3447 1145 3512 rasq.

128 3516 156 3583 3)
175 3514 286 3571 iuvene.
305 3515 371 3570 hist.
391 3529 432 3569 ev.
451 3514 499 3581 IV,
520 3523 543 3570 7.
616 3521 644 3584 4)
664 3516 729 3572 Hor.
749 3513 799 3584 Ep.
819 3514 840 3577 1,
860 3521 885 3580 8,
905 3521 947 3569 68.
1022 3518 1049 3582 5)
1068 3514 1146 3568 Ruth

128 3591 156 3652 4,
176 3591 219 3641 aa
293 3587 696 3656 6)2Reg.11‚1v.12‚13.
771 3585 1071 3655 unusquam.
