2600 4044
537 245 643 300 sarri
662 245 817 300 AMARCII
900 260 903 267 ·

374 459 429 529 (V.)
453 457 492 513 De
510 457 621 513 invitia
638 457 777 513 hominum
795 457 825 512 in
843 457 975 513 honines.

167 567 252 644 Quid
276 568 388 651 struis,
410 567 554 633 invidia?
600 565 666 632 Cur
688 566 847 651 illaqueas
871 567 1019 633 homines
1042 569 1116 634 tot?

167 655 233 723 Our
256 659 308 721 tot
331 656 370 721 ad
394 657 584 721 umbrosum
607 655 760 722 mortales
784 655 899 742 dirigis
924 655 1064 722 Oreum?

166 746 216 811 Tu
239 745 402 830 quondam
425 745 461 810 in
483 745 618 810 fratrem
641 744 773 809 movisti
796 744 930 810 brachia
953 744 1048 828 Cain,

113 855 154 893 seo
168 833 260 910 Quod
284 833 377 918 deus,
399 839 436 900 ut
458 834 537 900 ferri
560 827 771 898 mavult'sibi
794 834 881 916 vira,
903 834 1049 919 maniplo

165 923 299 1008 Agnum
322 924 500 1008 preposuit.
545 922 699 987 Tabeseis
722 922 846 988 honore
869 925 1042 1008 propinqui

167 1011 228 1077 Sed
251 1034 356 1097 neque
380 1033 533 1097 germano
558 1010 773 1097 congavisura
796 1012 930 1095 potenti.

165 1100 353 1186 Indignere,
376 1123 462 1183 reor,
487 1101 571 1184 quod
595 1101 768 1184 quisquam
790 1104 822 1164 te
845 1101 1004 1167 viciorum

166 1188 323 1274 Appellat
346 1189 527 1274 minimam3
551 1188 661 1253 doleas
685 1188 774 1272 hinc,
798 1188 934 1274 dissere,
956 1211 1016 1254 nec
1039 1211 1089 1254 ne.

112 1297 152 1336 ies
166 1277 261 1362 „Non
286 1278 431 1362 equidem
458 1279 609 1342 extremis
633 1298 752 1341 cuneos
777 1277 817 1342 ad
840 1278 943 1361 prelia
967 1278 1069 1363 signis

166 1366 219 1431 Me
243 1366 375 1431 ductare
400 1366 491 1431 decet
514 1387 572 1432 nec
595 1366 663 1430 tela
686 1367 852 1431 levissima
875 1367 921 1431 mi
943 1372 1029 1432 sunt.

166 1453 250 1530 Quid
273 1456 403 1521 virtutis
426 1455 549 1521 habent
571 1459 682 1520 tumor
706 1459 738 1520 et
760 1455 894 1521 lascivia
918 1456 953 1520 in
976 1459 1023 1537 te,

166 1541 311 1618 Quamve
334 1544 414 1610 ieris
438 1549 581 1629 stragem
605 1544 726 1609 balista
749 1543 894 1609 libidinis
917 1543 1017 1609 infert

166 1631 244 1698 Sola
267 1634 376 1698 anima
398 1633 484 1718 fusa,
508 1655 580 1698 cum
604 1653 666 1718 ego
688 1633 811 1716 possim
835 1633 958 1698 deicere
982 1633 1100 1699 ambo?

112 1740 153 1779 roo
168 1719 310 1788 Cunctas
334 1724 478 1788 carnales
502 1744 584 1806 queo
609 1723 719 1786 sordes
743 1722 869 1786 vincere
891 1721 990 1786 fidam

165 1809 279 1875 Preter
301 1811 489 1877 avariciam:
514 1833 571 1876 cur
594 1832 672 1896 ergo
696 1811 886 1894 novissima,
910 1832 979 1896 cur,
1003 1810 1107 1876 sim‘?“

165 1897 237 1964 Hac
260 1899 478 1964 inflammatus
501 1899 587 1964 furia
609 1900 802 1983 quicumque
825 1900 957 1964 lacerna

164 1987 335 2053 Nobilium
358 1992 449 2052 texta
470 1988 617 2072 precioso
643 1988 781 2052 stamine
805 1986 917 2053 Serum

165 2075 344 2140 Primatem
368 2076 537 2160 splendere
560 2077 661 2157 videt,
686 2077 827 2142 deflectit
849 2077 967 2142 ocellos

111 2179 151 2221 sae
166 2163 346 2248 Tamquam
371 2166 409 2229 de
431 2165 549 2249 foveis,
572 2165 628 2230 ubi
652 2165 810 2250 mingitur
833 2171 928 2249 atque
952 2163 1130 2251 cacatur1),

165 2253 291 2319 Vestiri
314 2257 463 2338 satrapas
487 2254 614 2339 vulgari
638 2255 760 2319 canabe
784 2255 916 2319 malens.

165 2340 219 2408 Sic
242 2343 343 2408 frater
365 2343 502 2409 fratrem
524 2347 710 2427 susceptum
733 2346 828 2427 patre
849 2347 1002 2426 nepotem

164 2431 383 2517 Indutumque
407 2433 493 2499 stola
515 2433 633 2498 rodens
657 2433 805 2498 convivia
828 2432 960 2517 sprevit.

165 2519 269 2597 Quem
293 2522 393 2587 semel
416 2522 601 2607 apprendit,
623 2521 703 2587 facit
724 2522 811 2586 hune
834 2539 1030 2587 marcescere
1053 2522 1138 2588 livor

110 2621 151 2665 ⁶0⁰
164 2611 213 2674 Ac
235 2610 382 2694 linguam
405 2633 515 2678 morsu
538 2614 699 2694 commotq
722 2632 811 2677 more
834 2611 944 2692 licisce

164 2696 347 2766 Debilitare
369 2700 462 2764 truci.
507 2699 589 2765 Viso
613 2700 758 2783 pollente
780 2699 965 2783 propinquo

165 2783 227 2860 Qui
250 2788 341 2871 pasci
365 2785 552 2875 artocreis2)
577 2788 657 2853 velit
680 2792 756 2872 apto
779 2787 898 2872 pollice
920 2787 1016 2852 tortis

163 2871 308 2940 Murenis
332 2876 481 2962 dulcique
505 2874 628 2963 scarol)
652 2877 817 2962 mulloque
840 2873 992 2961 trilibri4)

235 3089 287 3138 483
311 3085 396 3157 qaod]
420 3102 443 3140 c.
467 3102 521 3156 qao
627 3092 681 3141 484
703 3104 736 3142 ae
759 3086 874 3156 scripsit
896 3088 924 3141 M
1041 3091 1093 3141 486
1116 3094 1186 3144 aaut
1294 3095 1295 3126 l

164 3154 276 3225 scripsit
294 3155 323 3210 M
413 3162 465 3212 487
490 3159 595 3214 areima
618 3161 651 3213 ia
671 3165 696 3213 te
714 3159 828 3284 scriqsit
845 3158 874 3211 M
964 3163 1017 3213 490
1039 3157 1138 3230 fidam]
1157 3175 1184 3214 e.
1294 3129 1295 3217 l

163 3229 255 3283 sordes
269 3243 339 3282 corr.
353 3226 383 3281 Μ
436 3233 578 3284 rar-533
594 3231 636 3284 ed.
651 3229 774 3285 Hersche
801 3229 819 3284 l.
834 3230 852 3284 l.
868 3247 895 3300 p.
911 3234 961 3283 111
973 3246 1023 3298 sq,
1038 3227 1185 3298 Btidinger

163 3295 182 3352 l.
201 3297 220 3353 l.
240 3316 266 3368 p.
288 3304 320 3353 19
339 3316 366 3354 n.
385 3303 420 3353 99
511 3305 562 3355 495
586 3301 647 3372 ubi]
673 3318 696 3356 c.
718 3302 759 3357 ibi
778 3317 846 3357 corr.
867 3300 937 3354 Btd.
1027 3315 1050 3354 c.
1070 3305 1186 3356 caretur

163 3374 216 3424 496
235 3369 358 3441 culpari]
376 3372 389 3425 ι’
405 3371 483 3440 prius
502 3387 516 3427 a
587 3377 640 3426 ⁶03
659 3372 776 3444 trilibri]
795 3375 879 3427 antea
897 3371 950 3426 rios·
967 3372 1034 3426 libri

163 3488 378 3500 ——1—

237 3550 263 3617 1)
281 3549 348 3602 nor.
369 3548 425 3604 sar.
444 3548 466 3617 1,
486 3554 510 3618 a,
530 3553 571 3604 ee.
637 3549 666 3616 r>
684 3549 759 3603 rea.
779 3548 826 3615 vr,
846 3555 889 3602 50.
958 3551 985 3616 3)
1004 3547 1070 3603 nor.
1090 3547 1174 3618 apos

163 3623 188 3687 2,
208 3623 242 3673 50
262 3621 291 3674 et
310 3620 395 3676 schol.
416 3621 516 3676 Acron.
588 3621 617 3688 4)
636 3619 701 3673 Hor.
723 3618 780 3673 Sat.
799 3619 834 3686 ll,
858 3624 883 3686 2,
902 3623 945 3674 29.
966 3623 999 3672 33
1011 3635 1050 3686 sq.
