<?xml version="1.0" encoding="UTF-8"?>
<!DOCTYPE html PUBLIC "-//W3C//DTD XHTML 1.0 Transitional//EN"
    "http://www.w3.org/TR/xhtml1/DTD/xhtml1-transitional.dtd">
<html xmlns="http://www.w3.org/1999/xhtml" xml:lang="en" lang="en">
 <head>
  <title>
</title>
<meta http-equiv="Content-Type" content="text/html;charset=utf-8" />
  <meta name='ocr-system' content='tesseract 3.04.00' />
  <meta name='ocr-capabilities' content='ocr_page ocr_carea ocr_par ocr_line ocrx_word'/>
</head>
<body>
  <div class='ocr_page' id='page_1' title='image "./sextiamarciigal01manigoog_0103.png"; bbox 0 0 2600 4044; ppageno 0'>
   <div class='ocr_carea' id='block_1_1' title="bbox 212 217 856 285">
    <p class='ocr_par' dir='ltr' id='par_1_1' title="bbox 212 217 856 285">
     <span class='ocr_line' id='line_1_1' title="bbox 212 217 856 285; baseline -0.003 -11"><span class='ocrx_word' id='word_1_1' title='bbox 212 221 253 285; x_wconf 78' lang='grc'>76</span> <span class='ocrx_word' id='word_1_2' title='bbox 579 220 686 274; x_wconf 69' lang='lat' dir='ltr'>saxol</span> <span class='ocrx_word' id='word_1_3' title='bbox 706 217 856 272; x_wconf 80' lang='lat' dir='ltr'><strong>AMAROII</strong></span> 
     </span>
    </p>
   </div>
   <div class='ocr_carea' id='block_1_2' title="bbox 210 380 1026 467">
    <p class='ocr_par' dir='ltr' id='par_1_2' title="bbox 210 380 1026 467">
     <span class='ocr_line' id='line_1_2' title="bbox 210 380 1026 467; baseline -0.004 -19"><span class='ocrx_word' id='word_1_4' title='bbox 210 381 350 467; x_wconf 81' lang='lat' dir='ltr'>Spiritus</span> <span class='ocrx_word' id='word_1_5' title='bbox 375 383 472 466; x_wconf 88' lang='lat' dir='ltr'>alme,</span> <span class='ocrx_word' id='word_1_6' title='bbox 496 382 591 447; x_wconf 89' lang='lat' dir='ltr'>modo</span> <span class='ocrx_word' id='word_1_7' title='bbox 617 381 763 466; x_wconf 78' lang='lat' dir='ltr'>singultu</span> <span class='ocrx_word' id='word_1_8' title='bbox 787 381 888 445; x_wconf 89' lang='lat' dir='ltr'>defleo</span> <span class='ocrx_word' id='word_1_9' title='bbox 912 380 1026 445; x_wconf 85' lang='lat' dir='ltr'>cordis.</span> 
     </span>
    </p>
   </div>
   <div class='ocr_carea' id='block_1_3' title="bbox 155 470 1288 3304">
    <p class='ocr_par' dir='ltr' id='par_1_3' title="bbox 209 470 1108 645">
     <span class='ocr_line' id='line_1_3' title="bbox 209 470 1108 556; baseline -0.002 -20"><span class='ocrx_word' id='word_1_10' title='bbox 209 472 255 536; x_wconf 80' lang='lat' dir='ltr'>Et</span> <span class='ocrx_word' id='word_1_11' title='bbox 277 471 407 554; x_wconf 88' lang='lat' dir='ltr'>merito,</span> <span class='ocrx_word' id='word_1_12' title='bbox 430 471 508 556; x_wconf 90' lang='lat' dir='ltr'>quia</span> <span class='ocrx_word' id='word_1_13' title='bbox 530 470 726 535; x_wconf 81' lang='lat' dir='ltr'>vendentem</span> <span class='ocrx_word' id='word_1_14' title='bbox 749 470 863 534; x_wconf 88' lang='lat' dir='ltr'>turbas</span> <span class='ocrx_word' id='word_1_15' title='bbox 886 473 920 534; x_wconf 91' lang='lat' dir='ltr'>et</span> <span class='ocrx_word' id='word_1_16' title='bbox 943 472 1108 534; x_wconf 86' lang='lat' dir='ltr'>omentum</span> 
     </span>
     <span class='ocr_line' id='line_1_4' title="bbox 209 555 1021 645; baseline -0.005 -20"><span class='ocrx_word' id='word_1_17' title='bbox 209 560 370 645; x_wconf 83' lang='lat' dir='ltr'>Exemplo</span> <span class='ocrx_word' id='word_1_18' title='bbox 394 561 515 644; x_wconf 86' lang='lat' dir='ltr'>legitur</span> <span class='ocrx_word' id='word_1_19' title='bbox 539 560 616 624; x_wconf 90' lang='lat' dir='ltr'>deus</span> <span class='ocrx_word' id='word_1_20' title='bbox 640 560 824 644; x_wconf 79' lang='lat' dir='ltr'><strong>exagitasse</strong></span> <span class='ocrx_word' id='word_1_21' title='bbox 847 555 1021 643; x_wconf 83' lang='lat' dir='ltr'>flagello.¹)</span> 
     </span>
    </p>

    <p class='ocr_par' dir='ltr' id='par_1_4' title="bbox 157 648 1288 824">
     <span class='ocr_line' id='line_1_5' title="bbox 157 648 1288 734; baseline 0.004 -25"><span class='ocrx_word' id='word_1_22' title='bbox 157 670 196 710; x_wconf 80' lang='lat' dir='ltr'>eea</span> <span class='ocrx_word' id='word_1_23' title='bbox 209 648 306 714; x_wconf 89' lang='lat' dir='ltr'>Nune</span> <span class='ocrx_word' id='word_1_24' title='bbox 329 671 457 734; x_wconf 91' lang='lat' dir='ltr'>quoque</span> <span class='ocrx_word' id='word_1_25' title='bbox 480 652 515 713; x_wconf 90' lang='lat' dir='ltr'>in</span> <span class='ocrx_word' id='word_1_26' title='bbox 538 648 705 713; x_wconf 84' lang='lat' dir='ltr'>ordinibus</span> <span class='ocrx_word' id='word_1_27' title='bbox 728 652 899 731; x_wconf 78' lang='lat' dir='ltr'>poscentes</span> <span class='ocrx_word' id='word_1_28' title='bbox 923 669 1057 712; x_wconf 89' lang='lat' dir='ltr'>munera</span> <span class='ocrx_word' id='word_1_29' title='bbox 1080 649 1186 714; x_wconf 88' lang='lat' dir='ltr'>saeris</span> <span class='ocrx_word' id='word_1_30' title='bbox 1287 679 1288 682; x_wconf 40' lang='lat'>¹</span> 
     </span>
     <span class='ocr_line' id='line_1_6' title="bbox 210 735 991 824; baseline -0.003 -22"><span class='ocrx_word' id='word_1_31' title='bbox 210 737 341 824; x_wconf 84' lang='lat' dir='ltr'>Indigni</span> <span class='ocrx_word' id='word_1_32' title='bbox 365 735 496 802; x_wconf 79' lang='lat' dir='ltr'>Christo</span> <span class='ocrx_word' id='word_1_33' title='bbox 520 737 635 803; x_wconf 87' lang='lat' dir='ltr'>vivunt</span> <span class='ocrx_word' id='word_1_34' title='bbox 657 739 690 801; x_wconf 91' lang='lat' dir='ltr'>et</span> <span class='ocrx_word' id='word_1_35' title='bbox 712 758 846 801; x_wconf 87' lang='lat' dir='ltr'>munera</span> <span class='ocrx_word' id='word_1_36' title='bbox 870 736 991 800; x_wconf 86' lang='lat' dir='ltr'>dantes.</span> 
     </span>
    </p>

    <p class='ocr_par' dir='ltr' id='par_1_5' title="bbox 209 824 1167 1086">
     <span class='ocr_line' id='line_1_7' title="bbox 210 824 1167 910; baseline -0.004 -18"><span class='ocrx_word' id='word_1_37' title='bbox 210 825 277 892; x_wconf 77' lang='lat' dir='ltr'>Cur</span> <span class='ocrx_word' id='word_1_38' title='bbox 298 849 391 891; x_wconf 91' lang='lat' dir='ltr'>rarus</span> <span class='ocrx_word' id='word_1_39' title='bbox 412 847 500 891; x_wconf 86' lang='lat' dir='ltr'>nuno</span> <span class='ocrx_word' id='word_1_40' title='bbox 523 830 573 891; x_wconf 86' lang='lat' dir='ltr'>est</span> <span class='ocrx_word' id='word_1_41' title='bbox 596 824 747 910; x_wconf 82' lang='lat' dir='ltr'>sapiens?</span> <span class='ocrx_word' id='word_1_42' title='bbox 771 825 848 908; x_wconf 83' lang='lat' dir='ltr'>quia</span> <span class='ocrx_word' id='word_1_43' title='bbox 871 824 991 888; x_wconf 86' lang='lat' dir='ltr'>blanda</span> <span class='ocrx_word' id='word_1_44' title='bbox 1012 824 1167 889; x_wconf 88' lang='lat' dir='ltr'>videntur</span> 
     </span>
     <span class='ocr_line' id='line_1_8' title="bbox 211 913 1019 1000; baseline -0.004 -20"><span class='ocrx_word' id='word_1_45' title='bbox 211 914 290 980; x_wconf 87' lang='lat' dir='ltr'>Oeia</span> <span class='ocrx_word' id='word_1_46' title='bbox 312 937 434 1000; x_wconf 83' lang='lat' dir='ltr'>proque</span> <span class='ocrx_word' id='word_1_47' title='bbox 458 914 550 979; x_wconf 85' lang='lat' dir='ltr'>libris</span> <span class='ocrx_word' id='word_1_48' title='bbox 574 918 715 979; x_wconf 83' lang='lat' dir='ltr'>sectatur</span> <span class='ocrx_word' id='word_1_49' title='bbox 737 914 849 978; x_wconf 88' lang='lat' dir='ltr'>fenora</span> <span class='ocrx_word' id='word_1_50' title='bbox 872 913 1019 998; x_wconf 88' lang='lat' dir='ltr'>quisque,</span> 
     </span>
     <span class='ocr_line' id='line_1_9' title="bbox 209 1001 1129 1086; baseline -0.003 -17"><span class='ocrx_word' id='word_1_51' title='bbox 209 1004 344 1070; x_wconf 81' lang='lat' dir='ltr'>Tractat</span> <span class='ocrx_word' id='word_1_52' title='bbox 366 1025 433 1069; x_wconf 89' lang='lat' dir='ltr'>non</span> <span class='ocrx_word' id='word_1_53' title='bbox 457 1025 578 1068; x_wconf 87' lang='lat' dir='ltr'>seeum:</span> <span class='ocrx_word' id='word_1_54' title='bbox 601 1007 637 1067; x_wconf 89' lang='lat' dir='ltr'>tu</span> <span class='ocrx_word' id='word_1_55' title='bbox 660 1006 790 1066; x_wconf 89' lang='lat' dir='ltr'>tantum</span> <span class='ocrx_word' id='word_1_56' title='bbox 814 1001 931 1086; x_wconf 78' lang='lat' dir='ltr'>collige</span> <span class='ocrx_word' id='word_1_57' title='bbox 955 1001 1041 1086; x_wconf 90' lang='lat' dir='ltr'>quod</span> <span class='ocrx_word' id='word_1_58' title='bbox 1064 1001 1129 1066; x_wconf 89' lang='lat' dir='ltr'>des.</span> 
     </span>
    </p>

    <p class='ocr_par' dir='ltr' id='par_1_6' title="bbox 157 1090 1161 1442">
     <span class='ocr_line' id='line_1_10' title="bbox 157 1090 1161 1176; baseline 0.001 -23"><span class='ocrx_word' id='word_1_59' title='bbox 157 1114 196 1153; x_wconf 85' lang='grc'>000</span> <span class='ocrx_word' id='word_1_60' title='bbox 209 1093 345 1158; x_wconf 82' lang='lat' dir='ltr'>Munera</span> <span class='ocrx_word' id='word_1_61' title='bbox 368 1092 489 1157; x_wconf 90' lang='lat' dir='ltr'>stultus</span> <span class='ocrx_word' id='word_1_62' title='bbox 512 1094 617 1176; x_wconf 86' lang='lat' dir='ltr'>amat,</span> <span class='ocrx_word' id='word_1_63' title='bbox 641 1091 823 1175; x_wconf 74' lang='lat' dir='ltr'>sapientem</span> <span class='ocrx_word' id='word_1_64' title='bbox 845 1112 980 1155; x_wconf 87' lang='lat' dir='ltr'>munera</span> <span class='ocrx_word' id='word_1_65' title='bbox 1004 1090 1161 1155; x_wconf 79' lang='lat' dir='ltr'>mulcent.</span> 
     </span>
     <span class='ocr_line' id='line_1_11' title="bbox 211 1179 1125 1266; baseline -0.002 -20"><span class='ocrx_word' id='word_1_66' title='bbox 211 1181 313 1266; x_wconf 86' lang='lat' dir='ltr'>Iunge</span> <span class='ocrx_word' id='word_1_67' title='bbox 337 1181 420 1245; x_wconf 85' lang='lat' dir='ltr'>sales</span> <span class='ocrx_word' id='word_1_68' title='bbox 444 1201 503 1264; x_wconf 90' lang='lat' dir='ltr'>pro</span> <span class='ocrx_word' id='word_1_69' title='bbox 527 1202 574 1258; x_wconf 85' lang='lat' dir='ltr'>se,</span> <span class='ocrx_word' id='word_1_70' title='bbox 598 1180 708 1244; x_wconf 85' lang='lat' dir='ltr'>venias</span> <span class='ocrx_word' id='word_1_71' title='bbox 732 1179 803 1243; x_wconf 89' lang='lat' dir='ltr'>sine</span> <span class='ocrx_word' id='word_1_72' title='bbox 825 1201 971 1264; x_wconf 91' lang='lat' dir='ltr'>munere,</span> <span class='ocrx_word' id='word_1_73' title='bbox 994 1180 1040 1243; x_wconf 92' lang='lat' dir='ltr'>nil</span> <span class='ocrx_word' id='word_1_74' title='bbox 1064 1185 1125 1244; x_wconf 89' lang='lat' dir='ltr'>est.</span> 
     </span>
     <span class='ocr_line' id='line_1_12' title="bbox 211 1267 1095 1352; baseline -0.005 -17"><span class='ocrx_word' id='word_1_75' title='bbox 211 1269 302 1345; x_wconf 82' lang='lat' dir='ltr'>Quod</span> <span class='ocrx_word' id='word_1_76' title='bbox 326 1269 354 1332; x_wconf 91' lang='lat' dir='ltr'>si</span> <span class='ocrx_word' id='word_1_77' title='bbox 377 1290 436 1352; x_wconf 92' lang='lat' dir='ltr'>pro</span> <span class='ocrx_word' id='word_1_78' title='bbox 460 1269 582 1333; x_wconf 85' lang='lat' dir='ltr'>nichilo</span> <span class='ocrx_word' id='word_1_79' title='bbox 605 1271 774 1351; x_wconf 86' lang='lat' dir='ltr'>reputaret</span> <span class='ocrx_word' id='word_1_80' title='bbox 795 1270 964 1352; x_wconf 85' lang='lat' dir='ltr'>episeopus</span> <span class='ocrx_word' id='word_1_81' title='bbox 989 1267 1095 1332; x_wconf 91' lang='lat' dir='ltr'>omnis</span> 
     </span>
     <span class='ocr_line' id='line_1_13' title="bbox 209 1357 1070 1442; baseline -0.002 -20"><span class='ocrx_word' id='word_1_82' title='bbox 209 1357 345 1423; x_wconf 81' lang='lat' dir='ltr'>Munera</span> <span class='ocrx_word' id='word_1_83' title='bbox 368 1357 533 1422; x_wconf 88' lang='lat' dir='ltr'>inutilium</span> <span class='ocrx_word' id='word_1_84' title='bbox 558 1361 590 1421; x_wconf 91' lang='lat' dir='ltr'>et</span> <span class='ocrx_word' id='word_1_85' title='bbox 613 1357 721 1442; x_wconf 84' lang='lat' dir='ltr'>dignis</span> <span class='ocrx_word' id='word_1_86' title='bbox 744 1357 896 1440; x_wconf 76' lang='lat' dir='ltr'>preberet</span> <span class='ocrx_word' id='word_1_87' title='bbox 918 1357 1070 1440; x_wconf 80' lang='lat' dir='ltr'>honorae,</span> 
     </span>
    </p>

    <p class='ocr_par' dir='ltr' id='par_1_7' title="bbox 210 1445 1016 1529">
     <span class='ocr_line' id='line_1_14' title="bbox 210 1445 1016 1529; baseline -0.001 -18"><span class='ocrx_word' id='word_1_88' title='bbox 210 1445 286 1511; x_wconf 88' lang='lat' dir='ltr'>Non</span> <span class='ocrx_word' id='word_1_89' title='bbox 310 1446 389 1511; x_wconf 85' lang='lat' dir='ltr'>adeo</span> <span class='ocrx_word' id='word_1_90' title='bbox 413 1446 535 1511; x_wconf 82' lang='lat' dir='ltr'>multas</span> <span class='ocrx_word' id='word_1_91' title='bbox 553 1449 671 1529; x_wconf 70' lang='lat' dir='ltr'>,satane</span> <span class='ocrx_word' id='word_1_92' title='bbox 694 1447 868 1528; x_wconf 83' lang='lat' dir='ltr'>temptatio</span> <span class='ocrx_word' id='word_1_93' title='bbox 892 1449 1016 1510; x_wconf 89' lang='lat' dir='ltr'>mentes</span> 
     </span>
    </p>

    <p class='ocr_par' dir='ltr' id='par_1_8' title="bbox 156 1532 1125 1619">
     <span class='ocr_line' id='line_1_15' title="bbox 156 1532 1125 1619; baseline 0.003 -25"><span class='ocrx_word' id='word_1_94' title='bbox 156 1554 195 1594; x_wconf 77' lang='lat' dir='ltr'>eos</span> <span class='ocrx_word' id='word_1_95' title='bbox 211 1532 367 1619; x_wconf 79' lang='lat' dir='ltr'>Carperet</span> <span class='ocrx_word' id='word_1_96' title='bbox 390 1540 424 1600; x_wconf 89' lang='lat' dir='ltr'>et</span> <span class='ocrx_word' id='word_1_97' title='bbox 446 1535 603 1600; x_wconf 90' lang='lat' dir='ltr'>mundum</span> <span class='ocrx_word' id='word_1_98' title='bbox 627 1557 693 1600; x_wconf 91' lang='lat' dir='ltr'>non</span> <span class='ocrx_word' id='word_1_99' title='bbox 715 1538 828 1599; x_wconf 87' lang='lat' dir='ltr'>tantus</span> <span class='ocrx_word' id='word_1_100' title='bbox 850 1536 996 1599; x_wconf 85' lang='lat' dir='ltr'>volveret</span> <span class='ocrx_word' id='word_1_101' title='bbox 1020 1535 1125 1598; x_wconf 88' lang='lat' dir='ltr'>error!</span> 
     </span>
    </p>

    <p class='ocr_par' dir='ltr' id='par_1_9' title="bbox 209 1622 1226 1884">
     <span class='ocr_line' id='line_1_16' title="bbox 211 1622 1226 1710; baseline 0 -22"><span class='ocrx_word' id='word_1_102' title='bbox 211 1622 273 1690; x_wconf 84' lang='lat' dir='ltr'>Sed</span> <span class='ocrx_word' id='word_1_103' title='bbox 290 1646 376 1689; x_wconf 89' lang='lat' dir='ltr'>nuno</span> <span class='ocrx_word' id='word_1_104' title='bbox 395 1624 481 1710; x_wconf 90' lang='lat' dir='ltr'>quod</span> <span class='ocrx_word' id='word_1_105' title='bbox 498 1646 565 1689; x_wconf 88' lang='lat' dir='ltr'>non</span> <span class='ocrx_word' id='word_1_106' title='bbox 583 1624 640 1687; x_wconf 89' lang='lat' dir='ltr'>dat</span> <span class='ocrx_word' id='word_1_107' title='bbox 654 1624 809 1706; x_wconf 81' lang='lat' dir='ltr'>probitas,</span> <span class='ocrx_word' id='word_1_108' title='bbox 827 1645 979 1688; x_wconf 89' lang='lat' dir='ltr'>nummus</span> <span class='ocrx_word' id='word_1_109' title='bbox 994 1622 1120 1706; x_wconf 86' lang='lat' dir='ltr'>tribuit,</span> <span class='ocrx_word' id='word_1_110' title='bbox 1139 1646 1226 1688; x_wconf 87' lang='lat' dir='ltr'>nune</span> 
     </span>
     <span class='ocr_line' id='line_1_17' title="bbox 210 1711 1178 1797; baseline 0.002 -21"><span class='ocrx_word' id='word_1_111' title='bbox 210 1712 305 1778; x_wconf 89' lang='lat' dir='ltr'>Dona</span> <span class='ocrx_word' id='word_1_112' title='bbox 328 1714 435 1777; x_wconf 81' lang='lat' dir='ltr'>ferens</span> <span class='ocrx_word' id='word_1_113' title='bbox 459 1714 580 1797; x_wconf 90' lang='lat' dir='ltr'>probus</span> <span class='ocrx_word' id='word_1_114' title='bbox 604 1716 667 1796; x_wconf 89' lang='lat' dir='ltr'>est,</span> <span class='ocrx_word' id='word_1_115' title='bbox 689 1713 804 1795; x_wconf 88' lang='lat' dir='ltr'>intrat,</span> <span class='ocrx_word' id='word_1_116' title='bbox 828 1713 882 1795; x_wconf 96' lang='lat' dir='ltr'>qui</span> <span class='ocrx_word' id='word_1_117' title='bbox 905 1712 954 1776; x_wconf 89' lang='lat' dir='ltr'>nil</span> <span class='ocrx_word' id='word_1_118' title='bbox 977 1711 1076 1776; x_wconf 89' lang='lat' dir='ltr'>habet</span> <span class='ocrx_word' id='word_1_119' title='bbox 1100 1713 1178 1778; x_wconf 83' lang='lat' dir='ltr'>exit.</span> 
     </span>
     <span class='ocr_line' id='line_1_18' title="bbox 209 1799 1127 1884; baseline -0.002 -19"><span class='ocrx_word' id='word_1_120' title='bbox 209 1801 369 1867; x_wconf 79' lang='lat' dir='ltr'>Attamen</span> <span class='ocrx_word' id='word_1_121' title='bbox 393 1823 463 1866; x_wconf 89' lang='lat' dir='ltr'>esse</span> <span class='ocrx_word' id='word_1_122' title='bbox 486 1803 590 1866; x_wconf 92' lang='lat' dir='ltr'>bonos</span> <span class='ocrx_word' id='word_1_123' title='bbox 615 1801 790 1884; x_wconf 89' lang='lat' dir='ltr'>aliquando</span> <span class='ocrx_word' id='word_1_124' title='bbox 813 1800 959 1864; x_wconf 82' lang='lat' dir='ltr'>videmus</span> <span class='ocrx_word' id='word_1_125' title='bbox 982 1799 1127 1883; x_wconf 89' lang='lat' dir='ltr'>ineptos:</span> 
     </span>
    </p>

    <p class='ocr_par' dir='ltr' id='par_1_10' title="bbox 208 1888 1064 1975">
     <span class='ocr_line' id='line_1_19' title="bbox 208 1888 1064 1975; baseline -0.001 -21"><span class='ocrx_word' id='word_1_126' title='bbox 208 1888 267 1954; x_wconf 89' lang='lat' dir='ltr'>Nil</span> <span class='ocrx_word' id='word_1_127' title='bbox 291 1890 393 1975; x_wconf 88' lang='lat' dir='ltr'>dedit,</span> <span class='ocrx_word' id='word_1_128' title='bbox 415 1891 460 1954; x_wconf 90' lang='lat' dir='ltr'>ite</span> <span class='ocrx_word' id='word_1_129' title='bbox 483 1890 577 1954; x_wconf 90' lang='lat' dir='ltr'>mihi!</span> <span class='ocrx_word' id='word_1_130' title='bbox 602 1890 682 1954; x_wconf 89' lang='lat' dir='ltr'>bene</span> <span class='ocrx_word' id='word_1_131' title='bbox 706 1911 756 1953; x_wconf 90' lang='lat' dir='ltr'>me</span> <span class='ocrx_word' id='word_1_132' title='bbox 780 1889 920 1972; x_wconf 81' lang='lat' dir='ltr'>potavit,</span> <span class='ocrx_word' id='word_1_133' title='bbox 944 1910 1064 1953; x_wconf 88' lang='lat' dir='ltr'>eamus.</span> 
     </span>
    </p>

    <p class='ocr_par' dir='ltr' id='par_1_11' title="bbox 156 1978 1122 2150">
     <span class='ocr_line' id='line_1_20' title="bbox 156 1978 1122 2062; baseline 0.008 -28"><span class='ocrx_word' id='word_1_134' title='bbox 156 1979 237 2043; x_wconf 79' lang='lat'>9100</span> <span class='ocrx_word' id='word_1_135' title='bbox 261 1979 399 2062; x_wconf 90' lang='lat' dir='ltr'>nummi,</span> <span class='ocrx_word' id='word_1_136' title='bbox 422 1979 559 2054; x_wconf 89' lang='lat' dir='ltr'>nummi,</span> <span class='ocrx_word' id='word_1_137' title='bbox 583 2000 720 2060; x_wconf 84' lang='lat' dir='ltr'>parvos</span> <span class='ocrx_word' id='word_1_138' title='bbox 745 1979 862 2042; x_wconf 87' lang='lat' dir='ltr'>emitur</span> <span class='ocrx_word' id='word_1_139' title='bbox 885 1978 989 2042; x_wconf 83' lang='lat' dir='ltr'>scelus</span> <span class='ocrx_word' id='word_1_140' title='bbox 1014 1998 1122 2062; x_wconf 90' lang='lat' dir='ltr'>omne,</span> 
     </span>
     <span class='ocr_line' id='line_1_21' title="bbox 209 2065 1084 2150; baseline 0 -19"><span class='ocrx_word' id='word_1_141' title='bbox 209 2065 328 2131; x_wconf 87' lang='lat' dir='ltr'>Vestra</span> <span class='ocrx_word' id='word_1_142' title='bbox 349 2066 525 2150; x_wconf 87' lang='lat' dir='ltr'>presbiteri</span> <span class='ocrx_word' id='word_1_143' title='bbox 547 2066 672 2131; x_wconf 84' lang='lat' dir='ltr'>faciunt</span> <span class='ocrx_word' id='word_1_144' title='bbox 695 2088 755 2149; x_wconf 93' lang='lat' dir='ltr'>ope</span> <span class='ocrx_word' id='word_1_145' title='bbox 778 2066 893 2150; x_wconf 87' lang='lat' dir='ltr'>fasque</span> <span class='ocrx_word' id='word_1_146' title='bbox 916 2066 1084 2150; x_wconf 83' lang='lat' dir='ltr'>nefasque!</span> 
     </span>
    </p>

    <p class='ocr_par' dir='ltr' id='par_1_12' title="bbox 208 2153 1226 2416">
     <span class='ocr_line' id='line_1_22' title="bbox 208 2153 1114 2239; baseline 0 -19"><span class='ocrx_word' id='word_1_147' title='bbox 208 2153 278 2220; x_wconf 88' lang='lat' dir='ltr'>Nee</span> <span class='ocrx_word' id='word_1_148' title='bbox 300 2177 438 2239; x_wconf 89' lang='lat' dir='ltr'>pensare</span> <span class='ocrx_word' id='word_1_149' title='bbox 462 2156 577 2220; x_wconf 84' lang='lat' dir='ltr'>volunt</span> <span class='ocrx_word' id='word_1_150' title='bbox 600 2161 757 2238; x_wconf 90' lang='lat' dir='ltr'>quantum</span> <span class='ocrx_word' id='word_1_151' title='bbox 781 2155 859 2220; x_wconf 90' lang='lat' dir='ltr'>deus</span> <span class='ocrx_word' id='word_1_152' title='bbox 884 2155 1000 2219; x_wconf 85' lang='lat' dir='ltr'>extulit</span> <span class='ocrx_word' id='word_1_153' title='bbox 1023 2155 1114 2238; x_wconf 89' lang='lat' dir='ltr'>illos,</span> 
     </span>
     <span class='ocr_line' id='line_1_23' title="bbox 209 2242 1226 2328; baseline 0.001 -20"><span class='ocrx_word' id='word_1_154' title='bbox 209 2242 345 2319; x_wconf 79' lang='lat' dir='ltr'>Quando</span> <span class='ocrx_word' id='word_1_155' title='bbox 369 2244 411 2308; x_wconf 88' lang='lat' dir='ltr'>ed</span> <span class='ocrx_word' id='word_1_156' title='bbox 429 2243 619 2326; x_wconf 86' lang='lat' dir='ltr'>discipulos:</span> <span class='ocrx_word' id='word_1_157' title='bbox 651 2248 806 2328; x_wconf 86' lang='lat' dir='ltr'>sanetum,</span> <span class='ocrx_word' id='word_1_158' title='bbox 830 2245 947 2328; x_wconf 86' lang='lat' dir='ltr'>inquit,</span> <span class='ocrx_word' id='word_1_159' title='bbox 970 2245 1087 2310; x_wconf 88' lang='lat' dir='ltr'>sumite</span> <span class='ocrx_word' id='word_1_160' title='bbox 1111 2245 1226 2310; x_wconf 88' lang='lat' dir='ltr'>flatum</span> 
     </span>
     <span class='ocr_line' id='line_1_24' title="bbox 208 2331 998 2416; baseline -0.001 -18"><span class='ocrx_word' id='word_1_161' title='bbox 208 2331 255 2398; x_wconf 90' lang='lat' dir='ltr'>Ut</span> <span class='ocrx_word' id='word_1_162' title='bbox 279 2354 416 2416; x_wconf 86' lang='lat' dir='ltr'>quorum</span> <span class='ocrx_word' id='word_1_163' title='bbox 439 2333 538 2397; x_wconf 82' lang='lat' dir='ltr'>vultis</span> <span class='ocrx_word' id='word_1_164' title='bbox 563 2333 674 2397; x_wconf 89' lang='lat' dir='ltr'>sordes</span> <span class='ocrx_word' id='word_1_165' title='bbox 699 2333 828 2398; x_wconf 89' lang='lat' dir='ltr'>abolere</span> <span class='ocrx_word' id='word_1_166' title='bbox 851 2337 998 2416; x_wconf 89' lang='lat' dir='ltr'>patratas</span> 
     </span>
    </p>

    <p class='ocr_par' dir='ltr' id='par_1_13' title="bbox 156 2419 1004 2507">
     <span class='ocr_line' id='line_1_25' title="bbox 156 2419 1004 2507; baseline 0.011 -30"><span class='ocrx_word' id='word_1_167' title='bbox 156 2439 194 2479; x_wconf 84' lang='lat'>915</span> <span class='ocrx_word' id='word_1_168' title='bbox 209 2422 361 2506; x_wconf 88' lang='lat' dir='ltr'>Possitis,</span> <span class='ocrx_word' id='word_1_169' title='bbox 386 2445 523 2506; x_wconf 90' lang='lat' dir='ltr'>quorum</span> <span class='ocrx_word' id='word_1_170' title='bbox 547 2421 644 2487; x_wconf 84' lang='lat' dir='ltr'>vultis</span> <span class='ocrx_word' id='word_1_171' title='bbox 668 2422 807 2486; x_wconf 89' lang='lat' dir='ltr'>retinere</span> <span class='ocrx_word' id='word_1_172' title='bbox 832 2419 1004 2507; x_wconf 73' lang='lat' dir='ltr'>queatis²);</span> 
     </span>
    </p>

    <p class='ocr_par' dir='ltr' id='par_1_14' title="bbox 208 2509 1129 2862">
     <span class='ocr_line' id='line_1_26' title="bbox 209 2509 1129 2596; baseline -0.002 -20"><span class='ocrx_word' id='word_1_173' title='bbox 209 2510 389 2595; x_wconf 86' lang='lat' dir='ltr'>Discipulis</span> <span class='ocrx_word' id='word_1_174' title='bbox 414 2511 562 2595; x_wconf 88' lang='lat' dir='ltr'>equidem</span> <span class='ocrx_word' id='word_1_175' title='bbox 586 2509 666 2574; x_wconf 85' lang='lat' dir='ltr'>dixit</span> <span class='ocrx_word' id='word_1_176' title='bbox 689 2511 768 2576; x_wconf 82' lang='lat' dir='ltr'>deus</span> <span class='ocrx_word' id='word_1_177' title='bbox 790 2511 866 2596; x_wconf 87' lang='lat' dir='ltr'>hoe,</span> <span class='ocrx_word' id='word_1_178' title='bbox 889 2512 923 2574; x_wconf 91' lang='lat' dir='ltr'>in</span> <span class='ocrx_word' id='word_1_179' title='bbox 947 2531 1057 2575; x_wconf 89' lang='lat' dir='ltr'>eorum</span> <span class='ocrx_word' id='word_1_180' title='bbox 1123 2577 1129 2581; x_wconf 76' lang='grc'><strong>,</strong></span> 
     </span>
     <span class='ocr_line' id='line_1_27' title="bbox 208 2599 1082 2684; baseline 0.001 -22"><span class='ocrx_word' id='word_1_181' title='bbox 208 2599 386 2665; x_wconf 89' lang='lat' dir='ltr'>Presbiteri</span> <span class='ocrx_word' id='word_1_182' title='bbox 409 2600 478 2665; x_wconf 84' lang='lat' dir='ltr'>viee</span> <span class='ocrx_word' id='word_1_183' title='bbox 502 2603 585 2665; x_wconf 87' lang='lat' dir='ltr'>sunt.</span> <span class='ocrx_word' id='word_1_184' title='bbox 631 2599 720 2684; x_wconf 83' lang='lat' dir='ltr'>Ergo</span> <span class='ocrx_word' id='word_1_185' title='bbox 745 2621 800 2663; x_wconf 88' lang='lat' dir='ltr'>eur</span> <span class='ocrx_word' id='word_1_186' title='bbox 822 2621 888 2664; x_wconf 87' lang='lat' dir='ltr'>non</span> <span class='ocrx_word' id='word_1_187' title='bbox 911 2599 1082 2663; x_wconf 86' lang='lat' dir='ltr'>imitantur</span> 
     </span>
     <span class='ocr_line' id='line_1_28' title="bbox 208 2687 1026 2771; baseline -0.002 -19"><span class='ocrx_word' id='word_1_188' title='bbox 208 2687 316 2752; x_wconf 87' lang='lat' dir='ltr'>Mores</span> <span class='ocrx_word' id='word_1_189' title='bbox 340 2695 373 2754; x_wconf 90' lang='lat' dir='ltr'>et</span> <span class='ocrx_word' id='word_1_190' title='bbox 395 2689 511 2771; x_wconf 85' lang='lat' dir='ltr'>vitam,</span> <span class='ocrx_word' id='word_1_191' title='bbox 535 2709 672 2771; x_wconf 87' lang='lat' dir='ltr'>quorum</span> <span class='ocrx_word' id='word_1_192' title='bbox 697 2689 759 2752; x_wconf 92' lang='lat' dir='ltr'>sibi</span> <span class='ocrx_word' id='word_1_193' title='bbox 782 2689 854 2752; x_wconf 88' lang='lat' dir='ltr'>iura</span> <span class='ocrx_word' id='word_1_194' title='bbox 876 2691 1026 2771; x_wconf 89' lang='lat' dir='ltr'>potenter</span> 
     </span>
     <span class='ocr_line' id='line_1_29' title="bbox 208 2775 1033 2862; baseline 0.001 -23"><span class='ocrx_word' id='word_1_195' title='bbox 208 2775 425 2841; x_wconf 77' lang='lat' dir='ltr'>Asseribunt?</span> <span class='ocrx_word' id='word_1_196' title='bbox 471 2775 525 2841; x_wconf 90' lang='lat' dir='ltr'>Illi</span> <span class='ocrx_word' id='word_1_197' title='bbox 549 2780 741 2860; x_wconf 84' lang='lat' dir='ltr'>spreverunt</span> <span class='ocrx_word' id='word_1_198' title='bbox 764 2777 914 2862; x_wconf 83' lang='lat' dir='ltr'>coniugia</span> <span class='ocrx_word' id='word_1_199' title='bbox 937 2781 1033 2860; x_wconf 91' lang='lat' dir='ltr'>atque</span> 
     </span>
    </p>

    <p class='ocr_par' dir='ltr' id='par_1_15' title="bbox 155 2861 1099 3126">
     <span class='ocr_line' id='line_1_30' title="bbox 155 2861 1024 2949; baseline 0.006 -25"><span class='ocrx_word' id='word_1_200' title='bbox 155 2882 195 2922; x_wconf 79' lang='lat'>920</span> <span class='ocrx_word' id='word_1_201' title='bbox 210 2861 326 2928; x_wconf 78' lang='lat' dir='ltr'>Carnis</span> <span class='ocrx_word' id='word_1_202' title='bbox 350 2865 495 2948; x_wconf 79' lang='lat' dir='ltr'>delinias5</span> <span class='ocrx_word' id='word_1_203' title='bbox 519 2865 581 2929; x_wconf 88' lang='lat' dir='ltr'>hoe</span> <span class='ocrx_word' id='word_1_204' title='bbox 603 2865 776 2949; x_wconf 87' lang='lat' dir='ltr'>presbiteri</span> <span class='ocrx_word' id='word_1_205' title='bbox 799 2867 896 2930; x_wconf 91' lang='lat' dir='ltr'>modo</span> <span class='ocrx_word' id='word_1_206' title='bbox 918 2865 1024 2930; x_wconf 76' lang='lat' dir='ltr'>nostri</span> 
     </span>
     <span class='ocr_line' id='line_1_31' title="bbox 207 2951 1099 3038; baseline -0.002 -20"><span class='ocrx_word' id='word_1_207' title='bbox 207 2951 284 3018; x_wconf 91' lang='lat' dir='ltr'>Non</span> <span class='ocrx_word' id='word_1_208' title='bbox 307 2952 444 3036; x_wconf 79' lang='lat' dir='ltr'>faciunt3</span> <span class='ocrx_word' id='word_1_209' title='bbox 467 2953 585 3018; x_wconf 86' lang='lat' dir='ltr'>ideireo</span> <span class='ocrx_word' id='word_1_210' title='bbox 610 2954 737 3038; x_wconf 89' lang='lat' dir='ltr'>quidem</span> <span class='ocrx_word' id='word_1_211' title='bbox 761 2954 851 3020; x_wconf 87' lang='lat' dir='ltr'>velut</span> <span class='ocrx_word' id='word_1_212' title='bbox 874 2955 959 3019; x_wconf 87' lang='lat' dir='ltr'>unde</span> <span class='ocrx_word' id='word_1_213' title='bbox 977 2953 1099 3018; x_wconf 81' lang='lat' dir='ltr'>lavacri</span> 
     </span>
     <span class='ocr_line' id='line_1_32' title="bbox 208 3039 1094 3126; baseline 0.002 -22"><span class='ocrx_word' id='word_1_214' title='bbox 208 3039 247 3104; x_wconf 90' lang='lat' dir='ltr'>In</span> <span class='ocrx_word' id='word_1_215' title='bbox 271 3062 386 3126; x_wconf 74' lang='lat' dir='ltr'>oenum</span> <span class='ocrx_word' id='word_1_216' title='bbox 409 3040 521 3105; x_wconf 90' lang='lat' dir='ltr'>iniusti</span> <span class='ocrx_word' id='word_1_217' title='bbox 545 3041 742 3106; x_wconf 83' lang='lat' dir='ltr'>descendunt</span> <span class='ocrx_word' id='word_1_218' title='bbox 764 3043 862 3126; x_wconf 91' lang='lat' dir='ltr'>inque</span> <span class='ocrx_word' id='word_1_219' title='bbox 885 3042 1094 3126; x_wconf 91' lang='lat' dir='ltr'>profundum,</span> 
     </span>
    </p>

    <p class='ocr_par' dir='ltr' id='par_1_16' title="bbox 207 3129 1158 3304">
     <span class='ocr_line' id='line_1_33' title="bbox 207 3129 1158 3196; baseline 0 -1"><span class='ocrx_word' id='word_1_220' title='bbox 207 3130 253 3196; x_wconf 79' lang='lat' dir='ltr'>Idt</span> <span class='ocrx_word' id='word_1_221' title='bbox 275 3133 385 3194; x_wconf 86' lang='lat' dir='ltr'>tamen</span> <span class='ocrx_word' id='word_1_222' title='bbox 409 3129 587 3194; x_wconf 85' lang='lat' dir='ltr'>emundant</span> <span class='ocrx_word' id='word_1_223' title='bbox 610 3130 733 3195; x_wconf 85' lang='lat' dir='ltr'>animas</span> <span class='ocrx_word' id='word_1_224' title='bbox 757 3134 790 3194; x_wconf 89' lang='lat' dir='ltr'>et</span> <span class='ocrx_word' id='word_1_225' title='bbox 813 3131 854 3196; x_wconf 87' lang='lat' dir='ltr'>ad</span> <span class='ocrx_word' id='word_1_226' title='bbox 877 3132 989 3196; x_wconf 88' lang='lat' dir='ltr'>ethera</span> <span class='ocrx_word' id='word_1_227' title='bbox 1012 3131 1158 3196; x_wconf 87' lang='lat' dir='ltr'>mittunt.</span> 
     </span>
     <span class='ocr_line' id='line_1_34' title="bbox 209 3217 999 3304; baseline -0.003 -19"><span class='ocrx_word' id='word_1_228' title='bbox 209 3217 271 3285; x_wconf 82' lang='lat' dir='ltr'>Sed</span> <span class='ocrx_word' id='word_1_229' title='bbox 294 3240 516 3302; x_wconf 79' lang='lat' dir='ltr'>precessorum</span> <span class='ocrx_word' id='word_1_230' title='bbox 541 3219 569 3282; x_wconf 90' lang='lat' dir='ltr'>si</span> <span class='ocrx_word' id='word_1_231' title='bbox 592 3219 714 3284; x_wconf 88' lang='lat' dir='ltr'>vellent</span> <span class='ocrx_word' id='word_1_232' title='bbox 737 3240 806 3284; x_wconf 88' lang='lat' dir='ltr'>esse</span> <span class='ocrx_word' id='word_1_233' title='bbox 831 3241 999 3304; x_wconf 79' lang='lat' dir='ltr'>sequaces,</span> 
     </span>
    </p>
   </div>
   <div class='ocr_carea' id='block_1_4' title="bbox 207 3352 421 3362">
    <p class='ocr_par' dir='ltr' id='par_1_17' title="bbox 207 3352 421 3362">
     <span class='ocr_line' id='line_1_35' title="bbox 207 3352 421 3362; baseline -0.005 -2"><span class='ocrx_word' id='word_1_234' title='bbox 207 3352 421 3362; x_wconf 77' lang='lat'><strong>.-.-.—--—-—</strong></span> 
     </span>
    </p>
   </div>
   <div class='ocr_carea' id='block_1_5' title="bbox 280 3387 910 3498">
    <p class='ocr_par' dir='ltr' id='par_1_18' title="bbox 280 3387 910 3498">
     <span class='ocr_line' id='line_1_36' title="bbox 280 3387 910 3498; baseline -0.002 -16"><span class='ocrx_word' id='word_1_235' title='bbox 280 3433 331 3482; x_wconf 84' lang='lat' dir='ltr'>eol</span> <span class='ocrx_word' id='word_1_236' title='bbox 351 3443 388 3481; x_wconf 89' lang='lat' dir='ltr'>an</span> <span class='ocrx_word' id='word_1_237' title='bbox 401 3443 453 3497; x_wconf 80' lang='lat' dir='ltr'>per</span> <span class='ocrx_word' id='word_1_238' title='bbox 470 3434 515 3483; x_wconf 84' lang='lat' dir='ltr'>se?</span> <span class='ocrx_word' id='word_1_239' title='bbox 594 3433 645 3483; x_wconf 75' lang='lat'>902</span> <span class='ocrx_word' id='word_1_240' title='bbox 666 3387 708 3498; x_wconf 68' lang='lat' dir='ltr'>dil</span> <span class='ocrx_word' id='word_1_241' title='bbox 726 3445 860 3497; x_wconf 77' lang='lat' dir='ltr'>superear.</span> <span class='ocrx_word' id='word_1_242' title='bbox 880 3428 910 3481; x_wconf 89' lang='lat' dir='ltr'><strong>M</strong></span> 
     </span>
    </p>
   </div>
   <div class='ocr_carea' id='block_1_6' title="bbox 281 3586 930 3656">
    <p class='ocr_par' dir='ltr' id='par_1_19' title="bbox 281 3586 930 3656">
     <span class='ocr_line' id='line_1_37' title="bbox 281 3586 930 3656; baseline 0 -16"><span class='ocrx_word' id='word_1_243' title='bbox 281 3587 549 3656; x_wconf 59' lang='lat' dir='ltr'>mmmmm</span> <span class='ocrx_word' id='word_1_244' title='bbox 641 3586 930 3655; x_wconf 62' lang='lat' dir='ltr'>mmmmm</span> 
     </span>
    </p>
   </div>
   <div class='ocr_carea' id='block_1_7' title="bbox 0 0 1304 4044">
    <p class='ocr_par' dir='ltr' id='par_1_20' title="bbox 0 0 1304 4044">
     <span class='ocr_line' id='line_1_38' title="bbox 0 0 1304 4044; baseline 0 0"><span class='ocrx_word' id='word_1_245' title='bbox 0 0 1304 4044; x_wconf 95' lang='lat' dir='ltr'> </span> 
     </span>
    </p>
   </div>
  </div>
 </body>
</html>
