2600 4044
167 201 210 266 58
276 189 279 196 ’
536 200 642 256 sanni
660 199 816 258 AMARCII

166 362 254 428 Fons
278 366 435 446 puteusve
458 363 570 447 gulam
595 364 793 429 corroboret:
817 363 908 429 Haut
932 385 1023 430 secus
1047 387 1164 432 omncs

111 473 153 513 ero
168 451 317 516 Virtutes
340 457 475 534 pareunt
498 456 624 518 arentes
648 453 723 536 igne
747 453 897 538 tumoris,

166 538 210 604 Ni
233 561 309 605 vero
332 540 371 604 de
394 540 485 606 fonte
508 542 610 606 fluens
634 541 790 607 contricio
815 542 929 606 crebra

167 629 260 693 Assit
283 633 316 694 et
337 629 507 695 humorem
530 630 623 696 siccis
646 631 738 695 ferat.
784 629 854 695 Hac
878 630 999 714 pietate

165 716 256 782 lasus
280 716 365 802 apud
390 716 527 784 Gabaon
551 720 719 784 elementis
743 716 990 804 imperitavit1),

167 804 238 872 Hac
260 805 351 871 Ruth
373 807 458 872 freta
481 807 568 872 Booz
592 808 705 873 nubsit
726 803 915 894 Moabitisl)
940 812 972 872 et
995 807 1055 872 hec
1078 829 1132 874 res

110 916 151 958 au
168 892 351 980 Cognatum
374 896 459 961 belle
484 895 574 962 Susis
598 897 701 960 erexit
723 893 879 983 Edisse.⁸)

167 982 260 1049 Hanc
283 982 502 1071 inferniculp4)
525 986 598 1068 plus
623 986 772 1050 omnibus
796 1006 866 1050 esse
891 985 1061 1050 molestam

166 1072 335 1139 Virtutum
359 1073 510 1158 gemmis,
533 1073 606 1158 quis
629 1074 755 1138 clarent
778 1073 873 1141 corda
895 1074 1070 1152 bonorum,

167 1161 230 1238 Qui
253 1161 395 1246 dubitat,
418 1183 510 1227 sacro
534 1161 619 1247 quod
642 1162 709 1227 vidi
731 1164 766 1227 in
790 1162 912 1244 codice,
930 1161 1052 1248 pendat

168 1248 247 1314 Vita
271 1254 400 1334 patrum
423 1250 519 1316 dioto.
566 1250 704 1328 Quidam
727 1250 922 1316 venerabilis
946 1251 1047 1316 abbas

110 1361 153 1400 eso
167 1336 306 1402 Nomine
328 1337 545 1425 Macharius⁶)
569 1339 695 1405 meritis
718 1340 928 1425 dignissimus
952 1361 1063 1406 omnes

166 1426 242 1491 Rite
266 1449 340 1492 suos
364 1427 474 1493 docuit
496 1429 607 1494 cilium
629 1426 821 1514 deponere⁶)
844 1434 987 1512 torvum,

166 1515 300 1581 Pectore
325 1538 359 1582 aa
383 1520 537 1603 reputans
561 1518 678 1584 humili
701 1517 836 1582 minimo
860 1538 930 1582 esse
954 1517 1123 1583 minorem.

164 1604 266 1670 Addit
289 1608 325 1669 ut
348 1606 381 1671 in
404 1606 489 1671 bello
514 1607 578 1672 dux
601 1607 685 1672 vires
709 1606 868 1671 militibus
893 1628 965 1671 cum

164 1693 298 1759 Iunctus
322 1694 478 1780 signifero
501 1696 617 1761 densas
640 1695 840 1780 perfringere
862 1699 987 1760 turmas
1101 1703 1106 1722 ‘

109 1803 150 1845 css
166 1781 251 1848 Ante
275 1784 355 1849 alios
378 1784 482 1849 fervet
505 1785 608 1869 clipeo
632 1785 828 1868 thoraoeque
852 1788 958 1867 tutus,

166 1868 318 1936 Cominus
341 1873 401 1937 hos
424 1871 581 1960 framcal)
604 1878 713 1958 necat,
737 1870 899 1959 amento⁸)
924 1871 1056 1936 eminus
1074 1872 1161 1938 illos.

164 1958 323 2026 Nominat
344 1960 419 2045 hos,
441 1962 515 2026 illos
538 1963 687 2029 hortatur
710 1965 747 2027 ut
770 1961 858 2026 acria
879 1964 1039 2047 pugnent,

163 2045 362 2134 Eniocbos⁹)
386 2049 519 2115 imitans
543 2051 687 2116 feriendo
711 2055 882 2134 trucesque
907 2048 1036 2116 Suevos.

163 2134 235 2202 Hoc
259 2137 403 2201 animata
425 2139 569 2223 phalanx
591 2139 678 2205 facto
701 2140 740 2204 fit
762 2136 956 2224 agillimaffl)
979 2158 1100 2224 pugne,

108 2248 150 2289 ceo
163 2225 298 2291 Aulidas
322 2230 419 2311 atque
443 2249 555 2311 sparos
579 2229 724 2312 crispans
747 2249 905 2312 serosque
929 2225 1116 2312 dolones.¹¹)

163 2315 209 2379 At
233 2314 261 2379 si
285 2314 442 2381 deiectum
464 2315 756 2402 formidantemque
780 2316 901 2400 pericla

164 2403 328 2488 Aspexare
351 2405 465 2471 ducem
489 2408 637 2491 comites,
660 2412 694 2472 et
716 2405 837 2472 Martia
860 2405 963 2470 virtus

164 2493 269 2558 Lenta
291 2500 415 2581 manet,
437 2499 566 2560 cessant
590 2495 679 2560 dubii
701 2498 869 2560 vertantur
892 2515 935 2559 an
957 2494 1094 2560 obstent.

164 2579 279 2666 Sicque
302 2583 340 2646 fit
363 2588 400 2648 ut
423 2584 510 2668 capti
534 2586 738 2670 mutilentur,
761 2583 907 2667 collaque
931 2583 1016 2669 boga

107 2689 149 2732 aas
164 2668 345 2736 Primatum
369 2671 591 2760 stringantff),
615 2673 678 2738 nisi
702 2694 833 2738 censum
857 2672 925 2737 sive
948 2672 1046 2736 vades
1071 2671 1159 2738 dent.

235 2887 286 2936 369
305 2898 334 3006 ᾗ
351 2887 453 2952 puteus
471 2883 594 2952 capulum
666 2900 689 2937 c.
715 2887 766 2938 out
837 2885 889 2936 375
908 2884 1000 2937 totum
1020 2898 1131 2937 versum
1149 2882 1182 2938 in

162 2968 216 3009 raa.
235 2968 286 3007 scr.

235 3152 262 3218 1)
285 3148 338 3205 Ios.
359 3153 463 3215 10,1a.
573 3152 599 3216 2)
624 3149 702 3203 Ruth
720 3155 746 3217 4,
766 3153 807 3204 13,
917 3152 944 3220 8)
967 3148 1044 3205 Esth.
1064 3155 1090 3217 2,
1110 3154 1181 3218 Isq.

163 3222 193 3289 4)
208 3247 241 3267 =
255 3219 437 3274 infernicolae
452 3220 470 3274 i.
485 3235 508 3273 e.
523 3217 646 3275 diabolo.
710 3224 738 3290 5)
752 3220 839 3275 abbas
853 3220 895 3275 Aa
934 3221 1018 3289 ptius,
1038 3219 1072 3274 cf.
1087 3218 1181 3274 vitam

164 3291 224 3347 eiua
243 3293 273 3346 in
291 3293 363 3347 Acta
382 3289 429 3346 SS.
449 3290 558 3347 ianuar.
576 3291 598 3360 1,
618 3295 687 3346 10⁰7
698 3308 738 3359 sq.
850 3293 877 3359 6)
896 3239 979 3347 lyrnd.
998 3291 1096 3360 Payoh.
1116 3295 1181 3348 287.

164 3364 192 3433 7)
211 3363 246 3418 of.
264 3361 388 3418 quenal.
407 3361 481 3430 XIII,
502 3366 543 3418 79.
631 3364 662 3431 8)
677 3363 747 3422 Aen.
766 3361 813 3432 IX,
833 3368 892 3417 665.
974 3365 1001 3431 9)
1020 3363 1123 3417 Lucan.
1143 3361 1180 3431 ΙΙ,

164 3439 267 3502 peosq.
332 3437 376 3503 10)
395 3434 461 3488 Hor.
481 3431 531 3502 np.
551 3433 611 3501 1,1‚
628 3439 669 3488 16.
736 3437 779 3500 11)
799 3433 866 3489 nen.
885 3431 945 3502 VH,
966 3439 1025 3489 rao.
1049 3433 1096 3499 xi,
1117 3437 1181 3490 aaa.

163 3504 223 3571 VII,
243 3510 303 3560 664.
410 3505 453 3573 12)
476 3503 560 3559 Prnd.
578 3503 678 3573 Psych.
698 3503 784 3574 praef.
805 3510 847 3558 33,
871 3501 913 3556 En
935 3501 1030 3558 olemii
1050 3502 1078 3558 O.
1098 3501 1180 3572 (cod.

163 3573 261 3630 Dresd.
281 3577 331 3630 Dc.
351 3579 422 3629 171α
440 3575 488 3629 fol.
508 3573 572 3642 31¹³)
592 3574 625 3644 ΙΙ,
645 3581 697 3629 310
717 3577 766 3627 aut
784 3573 864 3643 bogis
883 3589 915 3630 co
975 3575 1114 3629 terendos.

695 3911 804 4002 Q
