2600 4044
530 215 640 271 urana
657 216 706 272 m.
1018 190 1024 209 '
1085 219 1129 284 57

111 379 237 446 Milicia
260 378 394 462 Iosephi
417 378 598 444 madefacta
621 383 670 444 est
692 378 820 444 lamnia
843 379 964 469 cesal)
1143 405 1184 446 cro

112 468 221 547 Ilheu,
246 489 315 550 our,
338 468 450 552 homo,
473 475 506 532 te
529 467 674 533 sustollis
696 469 835 533 inaniter
858 474 956 554 atque

112 557 160 623 Ut
182 557 289 622 vesica
312 560 454 640 tumens,
477 557 543 621 cito
567 578 629 641 que
653 555 830 644 displosa²l
852 558 998 624 fatiscit?

113 645 191 712 Non
214 649 247 709 te
270 644 386 709 titillet
407 646 588 710 reverentia
610 667 706 729 vana,
727 652 862 712 vocatus

116 734 272 819 Quisquis
297 756 330 798 es
355 733 396 798 ed
418 733 526 818 tedas,
549 756 589 799 ne
613 735 642 798 si
664 737 700 798 tn
723 734 757 798 in
780 739 873 820 parte
896 737 1022 802 locatus

113 823 264 888 iniussus
287 823 394 906 prima
416 822 550 888 meliore
573 824 818 906 superveniente
1144 849 1184 890 ms

114 913 297 984 Amoveare
320 911 438 976 rubens
461 911 614 995 ineasque
637 913 815 978 novissima
837 935 974 980 merens.

115 1001 228 1066 Viuite
251 1000 406 1064 mortales
430 1001 563 1066 contriti
587 1001 681 1066 corde
704 1023 763 1066 nec
787 1006 856 1067 este

115 1089 180 1155 Oro
204 1089 353 1172 columbe
377 1094 410 1154 et
432 1093 540 1153 mente
564 1086 679 1176 lupi³),
702 1111 760 1156 ceu
782 1091 924 1174 plurima
946 1114 1023 1175 pars
1046 1096 1110 1178 est,

116 1179 235 1255 Quales
259 1181 336 1242 sunt
359 1177 414 1262 qui
438 1199 511 1242 cum
534 1178 658 1262 pupille
682 1177 810 1244 demere
833 1181 965 1246 tardant

115 1267 260 1353 'lignum
283 1266 322 1330 de
344 1266 489 1351 propria,
512 1266 669 1332 festucam
692 1267 804 1333 fratris
828 1267 1051 1357 abhorrent4),
1145 1291 1186 1333 oso

115 1356 380 1438 Pendentemque
402 1359 489 1420 retro
513 1355 671 1420 clitellam
695 1359 877 1441 appendere
900 1357 1060 1446 nolunt.⁵)

118 1444 278 1510 Omnibus
302 1447 354 1509 est
375 1445 468 1509 viciis
491 1445 596 1509 fastus
619 1444 809 1530 violentior,
832 1467 907 1532 ergo

119 1533 182 1610 Qui
205 1533 301 1618 fugat
323 1533 417 1598 illurn
441 1557 460 1597 u
484 1555 532 1618 se,
554 1533 693 1616 pollebit
716 1538 854 1600 stemate
877 1537 999 1620 primo:

120 1622 251 1699 Quanto
274 1621 431 1686 maiorem
454 1621 600 1707 pugilem
623 1621 715 1708 pugil
739 1624 806 1688 alto
829 1625 863 1689 in
887 1624 1025 1708 Olympo

118 1708 224 1776 Cursu
247 1712 300 1776 uel
322 1711 412 1776 disco
435 1732 493 1776 seu
516 1716 607 1776 cestu
630 1711 698 1777 sive
720 1709 895 1798 palestral)
1145 1736 1185 1777 555

118 1799 258 1878 Vicerit,
281 1803 318 1865 ut
341 1800 475 1884 dignum
499 1804 562 1883 est,
584 1803 676 1865 tanto
701 1801 825 1866 maiora
849 1806 1023 1886 sequentur

117 1888 258 1954 Premia.
304 1887 367 1964 Qui
389 1910 463 1953 vere
486 1889 647 1954 contritus
670 1890 764 1975 vivit,
787 1892 910 1957 amicus

117 1976 181 2042 Est
201 1977 332 2060 domini,
355 1980 391 2042 at
408 1978 518 2061 pravis
537 1981 666 2044 tantum
685 1984 735 2044 est
754 2001 836 2045 onus
856 1983 952 2065 atquc
976 1979 1134 2063 superbis,

119 2065 286 2142 Quantum
308 2066 402 2130 asino
426 2065 552 2132 modius
576 2067 701 2152 gravis,
725 2090 820 2154 asper
844 2070 976 2134 vitricus
1000 2068 1097 2134 orbis.

118 2155 166 2221 Ut
190 2154 348 2220 servanda
371 2176 446 2220 caro
470 2156 536 2220 sale
559 2177 626 2221 non
649 2157 779 2222 condita
801 2159 973 2242 putrescit,
1147 2176 1189 2217 eeo

120 2242 175 2309 Sic
199 2247 233 2308 et
255 2243 392 2308 virtutes
416 2247 529 2328 putere
553 2245 672 2330 solent,
695 2245 760 2311 nisi
783 2250 892 2312 custos

118 2332 191 2397 Ista
213 2331 399 2417 frequenter
422 2353 477 2398 eas
501 2337 683 2418 exasperet3
707 2338 764 2399 aut
785 2335 880 2420 vigor
903 2339 993 2400 artus

119 2419 239 2486 Deficit
261 2422 436 2506 humanos,
459 2443 533 2487 cum
557 2423 633 2487 solis
657 2443 772 2488 cancer
797 2423 943 2508 anhelat,

119 2509 203 2594 Igne
227 2512 260 2574 et
282 2509 454 2594 pestiferas
477 2512 574 2576 ruber
597 2511 703 2576 aufert
726 2510 828 2577 Sirius
852 2512 937 2596 idus,

119 2598 363 2683 Horrisonaque
386 2600 513 2682 replent
535 2600 665 2686 algosas
688 2620 766 2665 voce
789 2600 922 2684 paludes
1148 2618 1190 2660 555

120 2686 288 2753 Ranarum
311 2688 466 2772 strepitus
490 2692 523 2753 et
546 2689 684 2754 strident
708 2689 800 2773 dulce
823 2689 932 2774 cicade

120 2775 342 2862 Lucifugeqne
369 2777 479 2842 volant
502 2778 616 2842 acclini
639 2799 772 2862 vespere
796 2775 930 2865 blatel),

119 2864 165 2932 Ni
189 2866 308 2930 siccam
332 2865 508 2930 exhaustus
532 2866 632 2932 situla
655 2867 810 2952 grandive
833 2869 959 2934 cucullo

113 3122 117 3130 ‚
193 3063 245 3112 342
268 3058 368 3129 uesica]
391 3074 405 3111 e
427 3057 504 3127 prius
527 3058 545 3124 f
648 3076 670 3113 c.
694 3059 816 3128 diapolita
924 3065 976 3114 344
999 3061 1041 3132 tu]
1066 3078 1089 3116 e.
1111 3065 1137 3116 te

121 3134 174 3183 346
193 3129 355 3200 Amoueare]
374 3145 405 3184 ve
422 3128 452 3182 in
470 3145 522 3184 res.
595 3146 619 3184 c.
637 3131 669 3184 in
687 3146 783 3200 eosque
854 3137 907 3185 350
929 3149 952 3186 c.
973 3133 1007 3187 ab
1026 3133 1137 3188 horrent

120 3205 173 3254 362
194 3217 217 3255 o.
237 3200 387 3270 exasperet
467 3206 519 3254 364
539 3216 562 3254 c.
580 3201 662 3257 sireis
744 3207 795 3257 367
816 3219 851 3256 an
871 3204 986 3258 acclivi?

195 3381 221 3449 1)
246 3377 368 3433 1Macc.
389 3381 414 3447 t,
433 3383 475 3433 58.
504 3378 626 3434 2Maoc.
647 3383 689 3448 12,
709 3385 733 3434 8.
753 3385 778 3434 9.
894 3382 922 3447 3)
948 3379 1012 3434 Hor.
1038 3379 1095 3435 Sat.
1114 3379 1135 3448 I,

120 3455 146 3518 8,
166 3455 209 3504 46.
278 3456 305 3514 3)
325 3449 425 3506 Matth.
446 3455 488 3517 10,
508 3455 550 3504 16.
618 3453 646 3518 4)
665 3449 765 3505 Matth.
787 3455 810 3518 ἵ,
830 3456 854 3505 3,
874 3456 899 3504 4.
968 3453 995 3518 ὅ)
1015 3451 1049 3505 cf.
1069 3449 1136 3508 Hor.

121 3521 180 3575 Sat.
196 3521 215 3588 Ι,
230 3526 255 3589 5,
269 3526 304 3576 4‘1
320 3524 348 3575 et
366 3519 452 3577 schol.
468 3522 568 3576 Acron.
631 3522 658 3590 6)
674 3521 746 3577 Stati
759 3520 846 3576 Theb.
862 3520 907 3591 VI,
923 3526 983 3576 803.
1000 3527 1059 3577 804.
1075 3525 1136 3578 808.

121 3595 149 3661 7)
170 3591 270 3662 Georg.
289 3592 336 3669 IV,¹
356 3597 416 3648 243.
