2570 4044
537 193 754 253 PRAEFATIO.
1090 211 1154 268 xm

131 381 272 445 quorum
305 379 358 422 ars
392 357 504 442 magni
536 357 726 424 aestimaret
766 355 805 444 .¹)
862 357 956 436 Quod
987 358 1155 447 deinger

129 453 265 535 poetam
292 446 328 510 in
356 444 482 529 capella
508 446 600 529 regia
628 449 819 530 occupatum
847 447 947 514 fuisse
975 447 1154 532 coniectu),

131 560 148 602 e
179 535 290 602 verbis
324 534 413 598 illius
447 533 597 599 concludi
633 535 766 600 minime
799 539 916 620 potest
970 536 1084 624 Neque
1121 537 1153 602 id

131 625 262 710 quidem
299 644 359 708 pro
398 626 486 688 certo
529 621 783 709 adfirmaverim,
819 624 1005 691 Amarcium
1041 623 1154 711 Spirae

132 716 298 780 versatum
318 710 514 777 Beradontis
534 712 697 777 curationi
719 713 912 779 interfuisse.
949 712 1012 791 Qui
1031 713 1154 780 fuerint

132 803 189 869 ille
216 800 368 868 Beradon
401 804 435 864 et
465 799 696 885 lib.111,154
728 797 808 887 (179
840 801 1006 887 predictus
1040 800 1152 890 herus)

132 885 331 974 Patricius³)
352 889 484 974 quidam
502 890 690 954 nominatus
708 890 774 955 iam
788 911 854 957 non
868 889 977 976 liquet.
1015 889 1154 958 Carmen

133 982 241 1065 ipsum
255 978 429 1044 Amaroius
445 976 605 1043 dedicarit
619 977 689 1043 viro
709 978 791 1044 alias
809 979 906 1063 plane
923 980 1020 1045 nobis
1039 980 1153 1065 ignoto

134 1067 279 1135 Candido
290 1065 665 1150 TheopystioAlchimo.
688 1065 790 1143 Quem
798 1066 942 1134 Amaroii
958 1067 1154 1154 magistrum

133 1157 236 1224 fuisse
256 1178 295 1222 eo
316 1155 493 1222 verisimile
517 1159 576 1238 est,
599 1154 685 1240 quod
708 1155 743 1220 in
765 1156 968 1240 praefatione
990 1159 1089 1242 poeta
1113 1157 1153 1222 ab

135 1269 173 1313 eo
206 1246 290 1330 petit
321 1250 360 1311 ut
393 1265 475 1328 quae
507 1243 598 1328 prius
631 1247 765 1311 conatus
793 1245 837 1310 sit
863 1245 1041 1311 carminum
1073 1245 1154 1312 obli-

135 1331 319 1418 viscatur.⁴)
367 1334 456 1409 Quae
485 1332 554 1398 sine
583 1331 683 1398 dubio
707 1336 856 1419 spectant
880 1334 920 1399 ad
944 1333 1088 1399 carmina
1112 1335 1152 1399 ab

135 1423 290 1490 Amarcio
315 1422 490 1487 admodum
512 1421 628 1486 iuvene
651 1420 704 1487 rel
723 1421 963 1488 adulescentulo
984 1422 1153 1508 conposita

135 1511 346 1596 Candidaque
373 1510 424 1574 illi
452 1511 534 1575 bene
563 1513 651 1576 nota.
697 1509 797 1576 Aliud
825 1512 996 1595 quiequam
1020 1515 1154 1595 excepta

135 1602 274 1686 mystica
289 1600 329 1665 de
343 1597 481 1666 Candidi
496 1599 640 1683 corporis
656 1599 764 1664 colore
778 1598 865 1664 facta
882 1595 1152 1686 significatione⁶)

137 1691 176 1756 de
190 1691 248 1754 illo
263 1691 298 1754 in
311 1688 455 1755 carmine
468 1707 535 1753 non
550 1687 722 1753 invenitur.
730 1684 757 1773 6)
785 1686 898 1772 Neque
917 1688 1031 1753 titulus
1046 1689 1152 1754 nostri

136 1780 290 1844 carminis
317 1799 426 1842 merus
455 1777 521 1842 iam
551 1778 671 1860 exstat3
700 1777 756 1842 sed
785 1775 1030 1862 inscriptionem
1058 1799 1154 1862 quam

136 1869 172 1933 in
207 1868 358 1953 catalogo
395 1865 587 1932 monasterii
626 1863 820 1930 Marionfeld
855 1865 993 1952 legimus
1032 1887 1154 1932 meram

136 1957 236 2022 fnisse
268 1961 301 2022 et
330 1957 366 2021 in
397 1955 460 2021 hac
493 1976 619 2038 quoque
649 1975 684 2019 re
713 1957 877 2021 auctorem
905 1955 991 2040 quod
1019 1955 1154 2021 carmini

137 2069 196 2112 suo
214 2046 384 2130 inscripsit
396 2042 610 2130 „Sermones“
622 2041 797 2108 Horatium
814 2081 852 2092 -
870 2044 1050 2110 sexcenties
1069 2043 1154 2110 enim

136 2135 309 2200 Amarcias
335 2133 468 2200 Horatii
494 2132 634 2217 vestigia
661 2133 782 2216 pressit
816 2169 855 2180 -
888 2133 1054 2199 imitatum
1083 2154 1154 2200 esse

136 2228 231 2309 puto,
256 2224 321 2288 nisi
343 2223 429 2290 forte
458 2225 591 2306 poetam
620 2222 764 2286 carmina
788 2242 847 2287 sua
870 2225 997 2288 saturas
1021 2243 1153 2288 vocasse

137 2335 178 2378 ex
199 2311 351 2398 lingonis
373 2311 481 2378 verbis
504 2331 625 2376 censes.

204 2399 377 2466 Materiam
399 2399 544 2466 carmine
566 2398 769 2464 tractandam
790 2397 961 2464 Amaroius
987 2400 1087 2486 elegit
1108 2399 1155 2464 in·

138 2489 353 2574 deficientem,
374 2512 449 2556 cum
472 2488 642 2553 hominum
662 2509 737 2552 suae
757 2488 875 2553 aetatis
895 2490 1017 2552 statum
1035 2507 1155 2554 mores·

209 2687 235 2751 1)
268 2683 397 2739 Amelmi
423 2684 506 2752 gesta
534 2697 597 2750 epp.
625 2679 770 2735 Leodiens.
799 2697 823 2736 c.
851 2683 886 2735 44
914 2679 974 2750 (SS.
1001 2677 1067 2750 VII,
1090 2683 1154 2755 sta)

138 2752 181 2809 Es
196 2757 370 2826 tempestae
383 2753 488 2808 ludens
505 2751 621 2822 quidam
639 2751 669 2804 in
687 2752 747 2806 arte
765 2750 922 2807 medicinae
941 2750 1107 2823 praecipuas
1127 2757 1156 2810 et

138 2826 175 2879 ob
204 2825 259 2882 Inoo
292 2824 410 2896 quidem
442 2822 607 2894 imperatori
639 2822 784 2879 Caonrado
817 2824 886 2878 satis
920 2825 1052 2894 acceptus
1085 2867 1091 2881 .
1116 2869 1122 2883 .
1147 2867 1153 2880 ,

138 2899 165 2965 ²)
184 2895 202 2949 L
221 2897 238 2950 1„
258 2915 286 2968 p.
308 2903 351 2952 17,
462 2897 489 2964 3)
508 2912 545 2950 an
564 2892 701 2964 Spirensis
720 2894 884 2966 episcopus?
920 2893 976 2948 Sed
998 2897 1065 2950 tuno
1084 2897 1155 2952 tem·

138 2967 366 3095 ffassmfpit
384 2965 511 3049 Spirensi
533 2964 669 3106 {palpebrae
689 2963 833 3034 sigibodo,
869 2966 998 3023 Fortasse
1017 2965 1155 3024 Patricius

266 3056 298 3095 aa
355 3055 468 3094 areana.

264 3109 296 3166 Si
313 3057 451 3180 nigrum
468 3111 498 3162 te
516 3125 605 3178 parva
622 3107 721 3164 iuvant
739 3109 793 3164 hoc
811 3108 909 3179 excipe
927 3125 1040 3166 carmen

264 3252 378 3308 Oblitus
396 3254 493 3324 tenere
512 3250 587 3319 quod
605 3249 763 3320 pubertatis
781 3251 909 3306 alumnas

317 3322 446 3379 Confisus
464 3322 578 3378 domino
596 3322 698 3394 celitus
715 3339 801 3378 ansus
819 3338 904 3378 eram

140 3407 307 3480 &12¹2st
329 3429 394 3467 enm
417 3425 551 3480 corporea
572 3426 686 3480 superes
707 3411 837 3466 albedine
855 3427 970 3481 cygnos,
1069 3419 1085 3468 d
1120 3411 1154 3468 ct.

138 3479 289 3538 maa
307 3482 405 3538 chron
426 3483 512 3550 (Mon.
531 3479 623 3536 Germ.
642 3480 695 3536 SR
713 3482 813 3548 xxm,
831 3485 896 3551 524)
913 3483 1050 3538 Auroram
1105 3481 1154 3540 dn=

138 3551 211 3608 Iirm
231 3551 404 3626 Tampium
423 3556 453 3607 et
471 3550 882 3608 similis....eonser1teret
