2570 4044
366 207 370 216 ·
480 221 484 226 ·
532 169 642 262 Licin
659 207 693 262 11.
1077 210 1119 274 31

101 367 167 433 Sed
190 371 285 452 peter
308 363 527 451 omnipotens,
550 391 570 433 a
593 391 657 452 quo
680 372 991 456 processerat-ipre,
1067 437 1071 442 ,

99 456 328 542 Magnificevit
350 478 423 522 eum
446 479 612 542 regnoque
635 463 668 523 et
690 458 868 525 bonoribus
891 461 1009 545 amplis
1134 479 1175 520 sis

101 544 156 610 Sic
179 549 217 610 ut
239 541 271 609 ei
291 546 420 630 populi,
443 567 523 628 quos
547 547 635 612 orbis
659 548 805 613 continet
828 553 925 632 etque

101 631 185 698 Cum
209 634 359 698 tribubus
382 634 493 719 lingue
516 635 715 700 famulentur
738 637 844 720 sitque
866 641 1014 719 potestas

98 723 182 788 Eius
205 725 242 788 in
265 727 413 788 eternum
435 729 613 809 regnetque
635 726 820 808 perenniter
841 723 954 811 ipse.¹)

111 1069 114 1076 ’
155 1065 158 1068 ’
240 1089 309 1160 (rr.)
333 1090 410 1151 ouon
427 1091 621 1148 uoluminis
640 1093 843 1148 citrinorum
861 1093 980 1150 onnon.

101 1197 164 1262 Sed
188 1199 265 1282 quid
287 1203 340 1264 tot
361 1200 496 1283 prodest
519 1203 667 1287 exempla
689 1203 863 1268 inducere?
908 1202 1037 1268 Dudum

99 1286 146 1352 Os
170 1287 399 1374 obpilassemD
424 1289 462 1353 de
485 1290 593 1374 vobis,
614 1293 650 1355 ni
674 1297 803 1357 moreat
826 1315 891 1375 me,
1131 1312 1172 1352 rso

86 1374 193 1451 'Quod
216 1377 307 1442 lusor
330 1378 429 1442 dubio
453 1380 593 1462 prodens
617 1380 775 1445 absistere
797 1381 893 1465 pirgo

98 1463 175 1529 Non
197 1466 269 1529 vult
290 1487 350 1531 nec
373 1467 515 1551 dubitat,
538 1469 613 1532 dum
638 1469 756 1552 perdit,
778 1469 911 1552 perdere
934 1471 1081 1535 multum.

39 1553 41 1558 ’
98 1553 152 1618 Sic
174 1575 235 1618 neo
258 1575 309 1619 me
333 1556 480 1637 quamvis
504 1578 564 1640 que
588 1556 682 1622 vobis
706 1556 854 1640 scriptito
877 1558 1010 1641 perdam

98 1641 237 1707 Perdere
260 1644 354 1726 plura
378 1645 482 1730 piget3
507 1645 563 1709 sed
585 1667 637 1708 me
660 1645 725 1710 nisi
749 1647 858 1729 opinio
882 1645 991 1730 fallat,

59 1779 61 1784 -
96 1729 203 1796 Veros
227 1731 269 1796 ob
293 1732 435 1797 monitus
458 1733 643 1799 vestrarum
667 1735 701 1797 in
726 1735 800 1798 sede
823 1734 992 1799 domorum
1129 1754 1168 1794 scs

96 1818 167 1884 Neo
191 1819 322 1885 rubrica
345 1843 452 1886 meum
475 1844 593 1887 nornen
617 1844 675 1888 nec
698 1826 785 1888 creta
807 1823 948 1906 figuram

97 1907 286 1992 Exprimet,
308 1910 408 1977 immo
431 1912 526 1998 niger
548 1912 678 1996 nigrum
701 1934 752 1976 me
778 1913 876 1977 corbo
899 1909 1069 2000 notabit.³)

94 1995 178 2062 Fors
198 2001 231 2062 et
253 1999 336 2063 risus
362 2021 416 2064 ero
440 2000 534 2065 vobis
558 2004 592 2065 et
613 2001 740 2087 fabule,
762 1999 914 2086 quippe⁴)

63 2089 68 2096 '
95 2085 188 2151 Utile
211 2087 414 2171 suadentem,
438 2090 583 2173 quinon
607 2091 706 2174 sapit,
729 2091 846 2155 efferus
870 2091 952 2174 odit,

94 2174 360 2262 Assentatores⁵)
385 2182 421 2240 ut
443 2199 538 2242 veros
563 2178 682 2254 stultus
707 2180 828 2244 amicos
1128 2197 1169 2237 29⁰

93 2262 230 2349 Diligit3
252 2265 314 2330 hoc
338 2266 462 2330 animas
485 2265 605 2338 vicium
629 2268 726 2352 ligat,
749 2268 812 2333 hoo
835 2269 947 2351 procul
971 2267 1058 2332 absit

93 2352 277 2418 Doctorum
301 2376 321 2418 a
343 2355 454 2439 lingue
477 2357 533 2439 qui
555 2359 692 2440 presunt
716 2356 864 2439 ecclesie,
887 2378 964 2420 nem

94 2440 157 2516 Qui
180 2441 270 2506 favet
293 2445 404 2526 aptato
428 2443 508 2528 pede
531 2466 597 2508 non
623 2448 673 2508 est
686 2445 846 2509 vmundior
869 2444 926 2508 illo

93 2528 158 2604 Qui
181 2552 254 2595 orus
279 2530 421 2596 denudet
444 2531 589 2598 detracto
612 2535 758 2616 tergore3
781 2533 890 2616 sicque

92 2617 171 2682 Non
193 2619 300 2683 minus
325 2626 376 2686 est
398 2622 503 2705 turpis
528 2621 582 2705 qui
606 2621 768 2685 consentit
790 2621 924 2685 facienti
1127 2642 1166 2682 scs

91 2706 229 2792 Turpio,
253 2729 350 2792 quem
373 2709 505 2774 faciens.
553 2709 709 2785 Quocirca
732 2709 904 2774 dummodo
928 2731 1005 2774 vera

87 2793 238 2882 ¹Suadect
261 2799 294 2861 et
318 2797 449 2881 doceat,
472 2799 565 2863 stulti
587 2821 652 2863 non
677 2801 781 2864 cesset
804 2799 844 2863 ob
868 2799 951 2862 iram

89 2883 243 2968 Doctior,
265 2885 327 2951 boc
351 2887 500 2952 dominus
525 2889 609 2966 vult,
631 2888 693 2953 hoc
717 2907 750 2952 se
774 2889 856 2952 velle
879 2887 1022 2971 noterit,

91 2972 230 3048 Quando
255 2975 302 3039 ait
325 2974 487 3040 Ezechiel:
509 2975 740 3060 „Peccccntem
764 2977 901 3061 corripe,
926 2980 1045 3062 quote

76 3169 83 3206 ³
162 3189 214 3238 279
239 3201 260 3240 c.
282 3183 375 3255 prode
491 3191 543 3241 292
567 3203 592 3240 c.
616 3189 733 3253 alinerra
840 3188 1109 3243 recrearemur

90 3260 142 3311 298
162 3255 282 3326 notovit]
300 3259 340 3311 vit
359 3258 385 3327 (v
405 3257 482 3326 prius
502 3259 528 3327 b)
549 3257 653 3312 adiecit
671 3257 701 3310 M
785 3325 789 3334 Ι

163 3435 189 3500 1)
206 3433 279 3494 Dan.
299 3440 324 3502 9,
345 3439 386 3490 13.
407 3439 448 3488 14.
521 3437 549 3503 2)
568 3434 641 3491 Psoi.
663 3440 722 3502 106,
742 3440 784 3490 42.
862 3435 891 3504 3)
908 3434 975 3489 Hor.
995 3435 1053 3490 Sat.
1073 3435 1107 3504 11,

87 3510 113 3573 3,
133 3510 187 3558 246
207 3507 237 3559 et
255 3505 342 3560 schol.
363 3507 462 3560 Acron.
490 3504 564 3560 Pers.
585 3505 642 3561 Sat.
662 3507 696 3575 V,
715 3511 757 3561 90.
779 3511 837 3561 108.
924 3511 951 3574 4)
969 3505 1035 3561 Hor.
1055 3506 1107 3576 Ep.

87 3575 108 3644 1,
129 3581 171 3644 13,
193 3582 217 3630 e.
292 3579 319 3644 5)
338 3575 404 3631 Hor.
424 3576 474 3646 up.
494 3576 530 3646 11,
549 3583 574 3644 3,
593 3582 654 3631 rso.
