2600 4044
170 219 214 283 44
540 217 645 274 SEXTI
664 217 817 273 AMARCII

169 380 216 446 Ut
240 381 444 446 stabiliretur
465 381 556 464 prius
580 386 701 464 actum,
725 403 809 464 aqua
833 380 936 445 mixta
959 382 1066 447 cruori

170 469 274 547 Exiit,
299 470 443 553 ampulla
466 492 564 554 quam
587 491 755 553 suscepere
780 469 949 534 cadentem

117 557 328 623 eeoExsortes
351 557 427 623 fidei
449 559 626 643 morboque
650 556 764 622 dedere
788 559 943 642 gravatis.

171 647 260 712 [lime
284 646 394 713 divina
418 648 504 712 salus
528 647 590 713 hoc
614 647 771 732 sanguine
794 667 939 731 quosque
962 668 1130 730 respersos

171 734 320 819 Sanarit,
343 757 452 800 cassos
476 737 599 801 carnali
620 735 768 820 lampade
791 736 876 818 luce,

172 823 292 907 Surdas
316 823 443 910 auditu,
465 829 573 890 mutos
597 847 744 890 sermone
767 824 891 908 beavit,

170 913 293 978 Multos
318 935 337 977 a
359 914 450 996 lepra
472 912 895 997 retraxit'demonibusque.

117 1018 157 1059 655
172 1000 258 1066 Anto
281 1005 390 1066 tamen
414 1006 547 1066 cunctos
572 1002 667 1066 datur
690 1002 764 1066 hinc
788 1003 926 1066 sensisse
950 1022 1126 1085 supernam

171 1089 335 1155 Virtutem
360 1090 512 1176 gravidus
537 1090 706 1175 membris,
729 1091 933 1176 paraliticus,
957 1111 1032 1175 eger

171 1179 223 1244 Ex
247 1200 310 1262 quo
334 1180 445 1243 nativa
467 1180 626 1262 prooessit
649 1180 763 1245 matris
788 1180 828 1244 ab
854 1179 937 1244 alvo.

171 1267 234 1332 His
258 1267 448 1354 propagatis
472 1267 594 1331 infirmi
617 1269 844 1334 convenientes

172 1354 300 1420 Passim
323 1356 462 1420 concret'
488 1357 653 1440 stiparent
675 1357 708 1420 in
733 1357 921 1441 synagogis,

118 1461 159 1502 ero
172 1441 346 1529 Sanguinis
370 1449 407 1509 ut
430 1445 515 1510 sacri
538 1446 723 1529 conspersio
746 1445 895 1510 redderet
917 1445 1007 1530 ipsos

171 1532 364 1599 Incolomes.
409 1533 552 1598 Tandem
574 1533 667 1598 Iudei
689 1533 882 1618 ‚,Fallimur“
905 1535 997 1598 aiunt

172 1620 361 1707 ‚,Fallimur,
383 1623 436 1687 hic
459 1626 545 1688 certe
568 1623 646 1688 deus
670 1622 724 1687 hic
748 1626 798 1687 cst
821 1644 916 1706 quem
939 1621 1122 1686 Hieremias

171 1709 213 1774 In
234 1711 331 1775 terris
355 1711 460 1776 risum
485 1717 518 1776 et
541 1717 767 1776 conversatum
791 1711 886 1776 docet
909 1710 1007 1776 esse.“

173 1798 276 1883 Seque
301 1801 521 1866 catecuminos
543 1801 615 1865 fieri
638 1800 783 1885 tingique
807 1801 964 1883 petebant

119 1905 159 1944 66⁵
175 1886 355 1952 Abioiendo
379 1910 455 1953 suas
478 1889 600 1953 lavacri
623 1912 682 1973 pro
707 1894 795 1955 veste
818 1889 941 1954 thiaras
949 1886 974 1973 ¹)

172 1976 357 2061 Nostraque
381 1976 543 2042 laudando
566 1977 727 2061 prepucia.
773 1976 837 2043 Sed
861 1978 1015 2063 quoniam
1039 1976 1105 2041 ista

172 2064 248 2130 Non
272 2069 348 2130 sunt
370 2069 449 2131 nota
472 2066 567 2148 satis,
591 2088 754 2131 sumamus
778 2089 839 2151 que
862 2071 952 2132 tanet
975 2088 1062 2132 usus.

172 2151 275 2228 Quem
298 2174 365 2218 non
388 2151 551 2219 confortet
573 2154 658 2238 lapsi
680 2156 843 2239 reparatio
867 2155 979 2221 Petri?

175 2240 276 2317 Quem
298 2263 365 2307 non
389 2242 513 2308 soletur
535 2242 691 2327 deprensa
716 2245 840 2327 ereptio
864 2244 999 2326 mecha?

119 2347 160 2387 6⁷0
174 2329 318 2396 Gnarum
343 2330 428 2416 quod
452 2331 600 2398 dominus
623 2332 745 2415 prefert
768 2334 925 2416 pietatem
947 2333 1150 2398 holocausto.

173 2418 378 2505 Quapropter
401 2421 508 2486 cuncti
531 2420 643 2486 feralis
667 2421 786 2507 dogma
808 2421 931 2486 Novati

172 2508 338 2592 Despicite
362 2513 395 2575 et
417 2509 582 2575 dominum
607 2513 788 2596 conpuncto
813 2512 937 2595 querite
961 2509 1069 2594 corde,

174 2595 275 2662 Cuius
301 2599 356 2706 agi
378 2598 479 2664 frenis
502 2599 638 2665 libertas
662 2600 817 2683 maxima,
841 2601 932 2664 cuius

172 2684 343 2753 Mansuete
367 2689 487 2752 servire
511 2688 588 2774 iugo
612 2688 791 2753 dominatio
816 2689 956 2754 summa!

418 2811 595 2895 Explicit
618 2811 720 2876 liber
744 2811 941 2877 secundus.

245 3022 297 3073 654
316 3035 339 3073 e.
358 3021 453 3092 alrpra

247 3237 273 3304 1)
292 3234 326 3291 cf.
346 3234 429 3289 Prud.
449 3234 550 3302 Apoth.
570 3237 631 3288 145.

573 3469 785 3478 -.-.-—-—.-
