2570 4044
508 199 724 257 PRAEFATIO.
1073 215 1124 271 xv

107 367 208 432 tertio
229 366 314 430 libro
334 362 446 428 multis
466 385 504 428 ex
518 363 683 448 prioribus
696 363 789 428 libris
804 363 951 447 repetitis
966 364 1125 430 sobrietas

106 455 243 522 castitas
272 452 441 520 humilitas
468 452 511 518 ab
539 455 670 516 auctore
698 452 814 518 lectori
846 453 1123 519 commendantur.

107 545 198 622 Quae
214 542 379 627 excipiunt
394 541 433 606 de
442 541 553 606 anima
562 541 797 624 disputationes
808 541 927 624 partim
938 541 1124 626 Augustino

107 631 326 698 Prudentiove
341 629 537 714 desumptae.
568 629 680 693 Tertio
694 628 777 694 libro
791 629 887 694 finem
907 629 995 695 dedit
1009 632 1125 695 Amar-

107 722 176 786 cius
198 718 382 805 praeceptis
406 741 426 784 a
451 718 591 802 quodam
613 716 804 804 Eufroni01)
833 718 871 782 de
899 741 1008 784 amore
1032 717 1124 784 Chri·

109 810 219 874 stiano
239 808 341 893 deque
360 807 525 891 probitate
543 807 630 873 vitae
646 806 835 871 clericorum
850 807 954 874 editis.
982 806 1123 883 Quartus

106 898 189 963 liber
221 896 367 981 disputat
400 896 439 961 de
471 895 654 980 praecipuis
682 893 806 961 Christi
838 896 972 961 monitis
1006 897 1123 980 quibus

109 986 210 1051 finitis
234 985 351 1050 adsuta
374 989 424 1050 est
447 984 556 1050 brevis
579 985 684 1049 oratio
707 1006 772 1069 qua
792 984 941 1068 inprimis
960 988 1124 1050 auctorem

109 1074 327 1140 orthodoxum
341 1095 412 1139 esse
426 1072 676 1138 demonstretur.
707 1072 824 1138 Totius
843 1077 951 1138 autem
972 1073 1123 1138 carminis

106 1167 308 1229 momentum
337 1162 371 1227 in
400 1162 554 1228 conviciis
582 1165 615 1226 et
643 1165 757 1227 contra
784 1161 920 1227 Iudaeos
950 1166 983 1227 et
1010 1167 1124 1227 contra

107 1252 296 1316 clericatum
319 1250 415 1316 iactis
438 1251 581 1335 positum
604 1271 674 1316 esse
693 1250 830 1334 videtur,
853 1251 971 1334 quibus
991 1255 1123 1335 postpo-

105 1342 227 1405 nuntur
258 1361 339 1423 quae
369 1340 403 1404 in
436 1360 604 1406 commune
632 1339 804 1405 Amarcius
835 1339 979 1424 disserit3
1014 1361 1123 1423 quam·

107 1450 204 1512 quam
241 1449 280 1494 ea
312 1428 445 1492 maximi
479 1428 683 1494 aestimanda
715 1433 792 1493 sunt
824 1429 901 1512 quia
933 1429 1123 1513 plerumque

108 1515 205 1582 viridi
229 1516 368 1601 quodam
392 1517 497 1582 colore
520 1517 600 1582 vitia
622 1517 790 1582 hominum
815 1538 891 1581 suae
917 1517 1034 1582 aetatis
1053 1537 1132 1600 per··

107 1607 242 1690 vulgata
265 1605 410 1691 depinxit
432 1608 529 1689 poeta
553 1609 590 1670 ut
614 1609 689 1669 sunt
713 1606 865 1689 superbia
886 1605 1028 1670 hominis
1047 1607 1123 1671 novi

105 1691 151 1781 (Ι,
175 1695 237 1759 301
248 1691 324 1779 sq.),
354 1694 459 1759 fastus
489 1693 650 1759 nobilium
681 1693 715 1757 in
748 1694 881 1759 clericos
909 1690 1123 1780 (1‚331sq.),

105 1782 233 1848 luxuria
257 1781 391 1849 divitum
415 1781 455 1869 (Ι,
475 1783 537 1847 371
552 1782 624 1868 sq.),
648 1783 718 1847 auri
736 1783 841 1847 fames
860 1803 1031 1848 avarorum
1050 1779 1123 1866 (III,

105 1871 146 1935 91
160 1868 236 1957 sq.),
267 1872 394 1957 prodigi
428 1871 663 1937 incontinentia
696 1869 770 1958 (ΙΙΙ,
801 1871 862 1937 103
873 1868 935 1955 sq.)
964 1876 1062 1957 atque
1090 1871 1123 1935 id

107 1979 209 2042 genus
233 1961 304 2025 alia.

171 2048 242 2113 Iam
270 2047 308 2113 de
335 2048 482 2115 fontibus
513 2051 553 2116 ab
578 2049 732 2115 Amarcio
762 2048 916 2114 adhibitis
946 2048 1044 2113 altius
1074 2053 1123 2114 est

107 2137 305 2202 ordiendum.
344 2136 453 2221 Atque
471 2141 570 2223 poeta
589 2138 659 2223 ipse
679 2137 807 2222 quidem
827 2137 909 2202 citat
926 2137 961 2201 in
980 2138 1123 2202 carmine

104 2247 162 2291 suo
181 2223 289 2292 fontes
308 2225 529 2310 Augustinum
544 2223 618 2313 (ΙΠ,
631 2225 722 2312 427),
743 2225 936 2310 Gregorium
956 2225 981 2291 I.
1001 2247 1121 2310 papam

105 2311 180 2398 (III,
198 2313 287 2398 225),
309 2313 545 2397 Hieronymum
565 2315 605 2401 (I,
624 2312 691 2394 99).
730 2313 836 2380 Semel
855 2315 954 2379 etiam
972 2313 1122 2380 nominat

104 2401 318 2466 Prudentium
336 2399 392 2486 (Π,
406 2400 495 2488 383),
509 2403 682 2469 Horatium
699 2401 769 2489 (IV,
783 2401 863 2488 299)
871 2399 906 2490 ²),
926 2424 1122 2487 quamquam

102 2489 156 2554 his
171 2489 328 2555 ambobus
347 2491 522 2573 plurimum
543 2492 639 2557 debet
658 2495 695 2556 ut
713 2513 752 2556 ex
771 2492 858 2557 notis
878 2491 998 2556 nostris
1017 2491 1122 2556 textui

106 2578 257 2643 carminis
277 2579 456 2662 subpositis
476 2580 555 2645 satis
575 2581 687 2645 elucet.
724 2579 897 2646 Praeterea
918 2581 1061 2644 citantur
1080 2581 1121 2644 ab

104 2668 256 2733 Amaroio
281 2666 341 2752 ΙΙΙ,
360 2669 425 2735 268
439 2690 507 2754 sqq.
531 2666 653 2754 Naso³)
678 2666 713 2755 (i.
738 2691 764 2734 e,
783 2665 942 2753 Ovidius),
966 2665 1122 2754 Gallus⁴)‚

101 2754 280 2838 Iuvenalis,
312 2758 482 2823 Alchimus
514 2755 548 2846 (i.
582 2781 607 2822 e.
636 2758 782 2823 Alcimus
810 2755 957 2844 Avitus),
990 2757 1121 2842 Arator,

105 2841 269 2925 Sedulius,
291 2844 492 2933 Iuvencus⁶)‚
515 2846 575 2930 III,
598 2847 662 2912 527
688 2846 871 2932 Terentius,
894 2846 952 2930 IV,
974 2848 1039 2912 471
1052 2869 1120 2931 sqq.

178 3019 204 3084 1)
229 3017 270 3072 De
288 3016 421 3074 Eufronio
444 3021 508 3076 vide
531 3021 612 3075 infra.
723 3024 749 3089 2)
773 3021 838 3077 Non
862 3021 952 3076 solum
971 3020 1121 3076 Horatium

7 3083 10 3088 ’
103 3085 244 3143 uberrime
271 3089 406 3157 expilavit
430 3090 576 3145 Amaroius
601 3092 649 3146 sed
676 3091 762 3146 etiam
788 3093 1036 3148 commentatorem
1060 3092 1120 3148 cius

101 3158 241 3214 Aaronem
268 3159 311 3214 ita
338 3161 371 3214 ut
393 3177 445 3229 pro
468 3163 545 3216 certo
570 3161 711 3218 adfirmari
734 3163 836 3231 possit,
865 3165 979 3233 poetam
1001 3163 1119 3218 Acronis

102 3229 274 3285 scholiorum
293 3229 417 3287 codicem
437 3233 576 3302 quendam
594 3233 624 3287 in
642 3232 772 3289 manibus
792 3233 933 3289 habuisse.
1008 3235 1034 3301 3)
1056 3233 1119 3286 Ovi·

102 3299 182 3354 dium
200 3301 236 3356 ab
251 3302 381 3358 Amarcio
401 3302 556 3373 inspectum
576 3320 636 3360 essa
654 3307 730 3362 recta
751 3303 808 3360 iam
826 3305 944 3360 Bursian
962 3304 1072 3360 monuit
1089 3302 1119 3358 in

102 3370 288 3438 „Gesohichte
306 3374 356 3428 der
374 3373 550 3444 philologia*
569 3373 590 3442 Ι,
610 3381 644 3430 60
663 3377 726 3430 adn.
818 3380 845 3444 4)
867 3377 955 3442 Quem
973 3376 1084 3429 tantum
1104 3391 1119 3428 e

103 3441 201 3498 Servio
219 3445 255 3498 ad
273 3443 357 3515 Varg.
377 3445 436 3503 Ecl.
455 3444 481 3498 X
499 3445 645 3502 Amarcius
664 3446 751 3502 novit.
814 3449 841 3518 ὁ)
860 3445 934 3512 Quos
953 3443 1119 3500 christianos

102 3514 201 3582 poetas
225 3515 371 3572 Amaroias
395 3516 576 3586 reprehendit
598 3533 662 3572 cum
686 3518 815 3588 antiquos
838 3517 921 3572 laude
950 3515 1048 3571 efferat
1071 3514 1118 3583 III,

102 3589 168 3639 270:
192 3584 356 3653 „Alchimus
378 3587 481 3644 Arator
505 3588 635 3644 Sedulius
659 3591 744 3659 atque
769 3591 905 3644 Iuvencus
932 3589 936 3654 Ι
961 3585 1025 3642 Non
1047 3587 1119 3641 bene
