2600 4044
543 212 653 268 LIBER
671 215 705 269 Il.
1089 217 1132 282 39

110 380 158 445 Et
181 379 288 464 rigida
312 401 351 442 ex
375 400 453 443 auro
477 381 624 461 pretenta
646 377 823 464 intringere
847 401 978 464 corpus,

110 469 252 554 Inspicit
274 467 362 532 huno
385 467 488 531 livens
511 467 699 552 privignum
723 472 760 532 ut
781 468 893 552 inique
915 490 1066 551 noverca,
1145 506 1185 547 505

112 557 160 622 Ut
183 577 306 622 murem
333 559 453 636 cettuS,
476 556 617 620 mustela
638 559 764 622 trucem
786 557 1019 644 basiliscum.¹)

110 645 238 711 Verum
261 645 413 729 precipue
435 645 498 709 hoc
521 644 676 709 liventem
700 667 859 731 quemque
881 647 1016 732 fatiget,

111 733 207 810 Quod
230 755 426 818 quemquam
450 733 552 796 cernit
575 755 646 798 sese
669 735 787 799 virtute
811 735 953 818 priorem

111 823 314 907 Facundum,
338 823 458 904 lenem,
481 822 623 904 lepidum
648 823 744 887 simul
768 827 866 908 etque
889 823 1040 890 facetum.

110 912 159 976 Et
182 935 254 976 cum
276 912 368 996 vulgi
391 911 472 976 levis
495 912 803 995 parvipendentibus
826 914 896 996 ipse
1143 950 1184 990 510

109 999 163 1064 Sit
186 1001 330 1085 populis,
352 1000 510 1084 plaudens
535 1021 631 1083 quem
655 1001 711 1065 det
734 999 948 1089 plebeculu2),
972 1000 1061 1066 laudi

109 1089 239 1154 Invidet
262 1089 407 1154 alterius.
453 1087 543 1171 Fene
567 1089 655 1154 cenis
677 1091 812 1155 incubat
835 1112 908 1155 acer

109 1176 191 1241 Inde
215 1179 315 1243 boum
338 1179 440 1242 rictus
465 1178 605 1242 admotis
628 1179 794 1244 morsibus
818 1184 905 1244 arcet

108 1266 236 1345 Bubus,
263 1287 331 1331 non
359 1265 489 1350 capiens
518 1266 604 1350 quod
628 1289 753 1332 sumere
775 1290 841 1332 non
865 1268 951 1352 potis
975 1267 1045 1353 ipse
1069 1273 1126 1333 est.

107 1355 245 1420 Invidus
268 1355 400 1437 infamis
422 1356 598 1439 populique
621 1354 829 1440 peripsima³)
854 1379 927 1421 cum
951 1357 1008 1436 sit,
1141 1399 1182 1440 515

108 1442 213 1519 Quem
236 1465 303 1509 non
325 1444 396 1527 ipse
419 1447 533 1526 meret,
558 1446 720 1509 cruciatur
742 1445 864 1510 honore
889 1445 1006 1512 alieno.

107 1531 194 1607 Quid
218 1533 256 1596 de
280 1531 475 1616 pauperibus
500 1532 638 1597 sublatis
663 1536 803 1598 stercore
827 1533 953 1598 dicem?

107 1619 179 1685 Hos
202 1621 385 1686 detestatur
408 1620 537 1685 sendice
561 1643 717 1705 crocoque
741 1619 906 1708 decorum)

107 1709 261 1792 EmuluS,
284 1717 321 1775 ut
344 1709 444 1773 freter
466 1711 600 1774 fratrem
626 1733 685 1794 pro
710 1733 744 1774 se
767 1711 986 1794 benedictum,

106 1797 216 1883 thue
239 1799 301 1863 viri
323 1797 456 1862 Ioadem
478 1821 579 1883 prope
602 1799 708 1882 ripam
732 1801 849 1865 Adaris
873 1801 1052 1885 reprobati,
1138 1842 1180 1883 520

107 1888 317 1971 Arcessitque
339 1909 434 1971 pares
458 1895 491 1952 et
514 1909 599 1953 nunc
621 1889 693 1953 hist
715 1889 778 1953 iste
801 1891 948 1955 remisse:

105 1975 233 2059 „Dicite
257 1996 343 2041 nunc
367 1977 457 2055 socii,
482 1999 539 2041 cur
562 1999 613 2041 me
636 1999 702 2042 non
724 1979 867 2062 vellicet,
892 1980 968 2045 ohel

106 2063 318 2139 Quodvideo
342 2065 552 2130 illumillum
575 2070 669 2150 tergo
693 2069 832 2150 pernicis
855 2071 949 2154 igene

105 2153 151 2217 Et
173 2155 247 2218 Iena
269 2154 365 2218 viridi
387 2153 525 2218 iocunda
548 2154 705 2220 obducere
729 2158 888 2241 membra,

105 2240 210 2316 Quem
234 2264 330 2327 capre
353 2243 458 2326 turpis
481 2242 670 2308 membrana
693 2246 783 2329 prius
808 2247 992 2313 decoravit?
1137 2295 1177 2336 525

105 2329 201 2396 Nunc
225 2353 306 2415 quos
330 2331 449 2397 eiectos
472 2332 535 2396 huc
558 2332 629 2397 dira
653 2332 832 2401 Sicambrie
855 2337 970 2422 mittit,

109 2419 174 2484 Aut
198 2421 254 2504 qui
277 2421 419 2485 deseruit
441 2421 618 2505 longinque
643 2423 751 2487 menis
774 2422 882 2508 Thilo,

104 2506 168 2573 Seu
192 2509 271 2573 fullo
295 2513 346 2574 est
369 2513 426 2574 aut
449 2507 611 2595 phyltra⁵)
636 2514 730 2594 perat
754 2534 810 2577 seu
834 2513 983 2578 saxifrice
1007 2515 1038 2580 vi

104 2595 207 2663 Elicit
229 2598 355 2662 urinam
379 2599 581 2663 mordentem
605 2599 752 2664 membra
774 2601 922 2684 pudende
946 2606 978 2666 et

103 2685 271 2751 Marrubio
295 2686 411 2751 tussim
436 2687 639 2773 scabiemque
664 2689 822 2755 celidonis
847 2690 999 2778 aufert⁶):
1106 2709 1109 2714 ’
1134 2739 1175 2780 530

103 2772 177 2839 Huc
199 2775 322 2859 veniet,
346 2797 421 2840 mox
444 2781 480 2840 ut
501 2774 657 2864 fungus⁷)
682 2779 789 2864 surgit
812 2781 862 2844 vel
886 2780 1043 2865 hibiscus,

175 2989 227 3039 513
248 3001 270 3040 c.
290 2986 327 3040 In
340 2987 414 3044 uidet
467 2990 519 3041 515
539 3003 561 3041 e.
580 2987 717 3044 Invidus
735 2990 868 3058 infamis
922 2998 974 3050 518
995 2996 1120 3072 decorus]

101 3056 188 3110 antee
206 3057 314 3111 decoros
372 3061 423 3112 513
443 3058 559 3114 edictum
578 3058 633 3113 edi.
652 3060 681 3113 M
744 3067 795 3116 521
815 3080 850 3118 uc
867 3065 928 3121 stat
945 3069 995 3123 istc
1012 3072 1120 3126 remisse

101 3125 216 3196 scripsit
238 3126 268 3180 M
291 3127 320 3182 in
343 3143 397 3182 rus.
506 3134 557 3183 523
580 3131 660 3186 illum
683 3137 757 3204 terpo
776 3137 900 3204 pernicis
922 3139 999 3210 lyme
1020 3156 1069 3196 scr.
1090 3143 1119 3196 M

101 3203 155 3252 530
175 3214 198 3251 c.
218 3197 383 3254 Murrnbrio

176 3377 202 3445 1)
221 3375 293 3432 Plin.
313 3375 386 3443 VIII,
406 3382 448 3445 21,
468 3382 511 3432 33.
566 3381 594 3450 2)
612 3379 678 3435 Hor.
698 3379 749 3451 Ep.
768 3382 803 3448 ll,
823 3388 923 3447 1‚1so.
978 3389 1006 3456 3)
1027 3386 1117 3444 lcor.

100 3452 190 3514 4,13.
277 3449 305 3517 4)
325 3447 383 3503 Ecl.
402 3448 450 3515 IV,
468 3453 554 3518 ttsq.
638 3455 665 3519 5)
685 3452 808 3507 Iuvenel.
827 3454 874 3518 Vl,
895 3461 955 3510 611.
1035 3463 1062 3526 6)
1083 3460 1117 3514 cf.

101 3518 319 3588 Pseudo-Apul.
354 3519 388 3574 de
425 3521 524 3575 medic.
560 3522 709 3577 herbarum
737 3530 783 3592 46,
814 3532 837 3580 1.
877 3532 923 3598 73,
953 3533 966 3580 1
1005 3529 1116 3598 (Seren.

101 3587 243 3644 Summon.
263 3593 323 3644 298.
344 3593 414 3661 533).
489 3594 515 3661 7)
535 3591 625 3648 Pleut.
645 3593 746 3651 Bacch.
767 3601 826 3652 821.
