2600 4044
165 215 207 279 86
533 210 636 266 sexul
654 209 809 266 Aunucss

164 377 302 460 Esseda,
325 376 484 460 plaustra,
507 373 602 440 trahe
625 396 687 459 que
711 376 844 458 gestent
866 376 964 458 atque
988 373 1130 460 earine¹)

165 464 248 531 Sunt
271 486 352 529 mea.
397 463 502 528 Trade
524 464 631 529 libens
654 463 736 526 mihi
758 484 833 527 rora
856 462 992 546 cibaria,
1015 463 1121 528 trade!

165 554 228 619 uia
252 575 326 640 age,
350 553 520 617 dumtaxat
543 552 623 617 mihi
647 551 743 616 dicite
767 550 844 634 quid
866 551 1021 635 cupiatis,

165 641 244 708 Ursi
267 647 324 708 aut
347 638 461 728 irioii²)
485 644 632 726 gustum,
655 640 804 724 pavonis,
829 639 939 704 oloris.

112 750 151 790 mo
164 731 227 797 nse
250 731 344 815 mihi,
367 731 480 815 doque.
525 729 625 812 valet,
648 749 722 792 raro
745 728 940 812 benefecit,
963 728 1126 797 haberem.

166 819 201 886 Si
223 841 307 904 pavo
330 819 439 903 placet
462 822 495 883 et
518 816 680 883 distinctis
703 817 795 901 picus
818 819 853 880 in
878 815 962 881 alis?

165 908 230 975 Our
252 910 359 993 pioam
381 908 512 973 renuis?
559 905 593 971 si
617 905 810 990 garrulitate
834 903 966 988 cibaria,

166 998 315 1065 Psitaous
339 1000 372 1062 et
395 996 491 1080 pullis
514 995 634 1061 vestite
657 993 832 1060 monedula
855 993 975 1076 plumis

165 1086 211 1151 Te
234 1086 383 1172 pascent!
429 1084 549 1149 Alvum
573 1105 642 1167 our,
665 1083 814 1167 inprobe,
837 1104 987 1166 rumpere
1012 1084 1144 1168 queris?

112 1196 151 1236 225
165 1175 272 1260 Euge,
294 1175 404 1240 lavare
428 1177 518 1238 satur
541 1171 742 1255 dapibusque
766 1171 864 1256 dapes
888 1192 1043 1236 coacerva

165 1263 242 1329 Non
265 1285 406 1347 pensans
430 1263 543 1326 venter
567 1260 651 1345 quod
676 1260 888 1340 dissolvet[ur
910 1263 944 1324 et
968 1262 1065 1342 esea]

165 1351 253 1417 Num
276 1351 403 1416 modioa
427 1349 556 1435 Ganges
581 1371 680 1415 earus
704 1350 818 1435 augeri
840 1348 982 1433 i[ndiget
1005 1349 1106 1432 unde]

165 1439 235 1504 Aut
260 1440 407 1526 Vosegus
430 1461 532 1524 parvo
557 1439 654 1504 ditari
677 1437 817 1522 pondere
841 1437 948 1521 ligni?

165 1529 255 1615 Ergo
280 1528 356 1615 qnid
379 1528 520 1594 faciam?
544 1527 626 1592 mihi
648 1528 676 1591 si
699 1527 816 1611 rubigo
839 1525 946 1590 tenaei

112 1639 152 1679 reo
166 1617 307 1685 Obduoit
328 1639 493 1703 nummos;
514 1638 552 1682 ve
575 1638 680 1699 vappa
704 1615 821 1681 dieitur
842 1615 900 1680 illi.

165 1706 326 1772 Tantalus
349 1707 384 1771 in
408 1706 513 1772 medio
538 1705 609 1770 sitit
633 1726 728 1769 amne
751 1726 810 1769 neo
834 1703 952 1787 accipit
975 1699 1092 1782 inde.³)

166 1795 268 1861 Porro
292 1796 320 1860 si
343 1795 445 1880 partis
468 1795 572 1879 fruor,
594 1798 632 1859 ut
654 1815 770 1877 procus
795 1792 904 1858 omnia
927 1795 1028 1857 vasto.

166 1882 229 1949 Seu
252 1885 334 1949 bene
358 1889 448 1968 agat,
473 1906 529 1948 seu
552 1903 632 1961 non,
655 1881 770 1946 infelix
793 1880 934 1964 undique
957 1884 1078 1964 peceat.

167 1970 202 2037 si
226 1972 331 2038 neseis
356 1994 510 2057 quorsum
533 1992 685 2035 nummus
709 1971 810 2054 valet,
834 1970 943 2053 aooipe
967 1991 1132 2054 quorsum.

114 2081 153 2122 res
167 2061 289 2126 Debita
311 2063 427 2144 nature
450 2081 601 2124 nummus
626 2057 744 2123 solatia
767 2057 893 2143 reddat,

165 2149 236 2215 Neo
259 2149 397 2215 nimium
421 2171 527 2214 serves
552 2147 724 2231 discretus,
748 2169 807 2212 neo
828 2146 968 2211 nimium
991 2145 1060 2227 des,

166 2238 206 2303 In
229 2238 334 2303 medio
358 2239 453 2304 limes
476 2236 661 2302 tutissimus
686 2239 736 2302 est
759 2232 962 2321 gradienti.⁴)

166 2328 206 2393 In
229 2327 353 2394 eunetis
377 2327 492 2393 modus
516 2322 612 2411 esu),
638 2325 775 2390 nimium
802 2323 1048 2407 reprehenditur
1073 2347 1184 2411 omne3

167 2416 308 2493 Quesitis
332 2417 434 2502 igitur
458 2415 554 2480 debes
578 2413 783 2478 mediocriter
805 2409 899 2498 uem),

115 2526 155 2566 240
169 2505 215 2571 Ut
237 2505 323 2591 quod
347 2508 500 2571 contento
524 2504 636 2588 paucis
661 2505 819 2587 superest,
842 2501 976 2584 inopum
1001 2501 1052 2566 sit.

168 2593 289 2677 Sperne
311 2595 518 2660 balatronum
542 2593 655 2657 laudes
679 2612 870 2674 scurrasque
895 2587 1052 2676 dieeeesl)

168 2681 278 2749 Abioe.
324 2681 416 2748 Mens
440 2683 521 2748 recti
544 2681 608 2746 sibi
631 2676 793 2765 conseia&
818 2680 924 2764 gloria
948 2699 1025 2744 rere
1049 2682 1108 2744 est.

168 2767 284 2852 Sourre
307 2791 380 2835 eum
404 2793 513 2837 eoranr
536 2769 599 2834 tibi
622 2768 844 2853 sesquipedale
868 2789 985 2832 sonoro

168 2858 258 2922 Dant
279 2856 431 2945 nomen9)
455 2859 586 2942 plausu,
613 2861 689 2941 post
712 2878 844 2921 munera
869 2861 966 2939 eapte
989 2854 1183 2922 eaohinnum

239 3035 291 3086 219
310 3031 384 3086 iricu
401 3029 538 3086 Hersohel
555 3029 627 3085 falso
722 3035 774 3085 226
785 3048 824 3099 sq.
846 3029 923 3084 uneis
942 3029 1053 3084 incluse
1070 3031 1185 3085 macula

168 3117 258 3173 paene
277 3101 424 3171 deperdita
443 3105 509 3156 sunt
563 3106 615 3156 226
634 3102 795 3158 dissolvetur
810 3103 842 3156 iu
855 3106 945 3157 ustam
959 3099 1096 3156 Hersohel
1110 3101 1183 3156 falso

168 3216 220 3266 243
240 3227 263 3265 o.
282 3187 340 3280 eerq'
353 3208 452 3277 pedale

242 3373 268 3440 1)
286 3370 352 3425 Hor.
372 3368 423 3438 Ep.
443 3367 476 3434 ΙΙ,
497 3371 522 3436 1,
542 3371 601 3421 192.
630 3367 703 3422 Geor
725 3411 730 3421 .
750 3366 770 3434 Ι,
792 3370 894 3434 163111.
966 3367 994 3436 9)
1014 3365 1032 3419 i.
1052 3381 1075 3420 e.
1096 3365 1183 3420 ericii.

169 3444 200 3512 3)
218 3442 285 3497 Hor.
306 3440 362 3496 Sat.
382 3440 402 3498 l.
424 3446 447 3506 1,
467 3444 510 3494 68,
590 3439 618 3506 4)
639 3437 688 3492 Ov.
739 3439 774 3493 et.
793 3437 828 3504 ΙΙ,
850 3441 909 3494 137.
991 3437 1019 3505 ὅ)
1038 3434 1105 3492 Hor.
1125 3436 1184 3490 Sat.

168 3515 190 3580 1,
211 3518 234 3580 1,
256 3518 314 3567 106.
401 3514 429 3579 6)
447 3510 498 3580 Ep.
519 3508 540 3576 Ι,
561 3514 603 3576 18,
622 3513 665 3563 99.
751 3509 780 3577 1)
800 3507 857 3562 Sat.
876 3507 898 3574 Ι,
918 3513 943 3576 2,
962 3511 987 3561 2.
1070 3506 1183 3576 8)Aen.

169 3582 190 3652 I,
210 3587 270 3639 604.
345 3583 372 3652 9)
391 3582 457 3636 Hor.
476 3579 527 3650 Ep.
547 3577 581 3648 ΙΙ,
600 3585 625 3647 3,
645 3583 687 3633 97.
