2600 4044
177 200 219 264 88
544 197 650 253 SEXTI
668 196 820 254 Anauon

12 351 13 400 i
125 382 165 422 ers
180 362 303 445 Incipe,
326 383 366 426 ne
389 361 513 447 tardes3
535 359 640 425 facilis
664 361 810 445 sequitur
832 363 885 427 via
908 363 1077 452 ceptum.¹)

176 451 332 516 Accelera
355 449 432 514 dum
455 454 582 533 tempus
607 449 719 532 habes,
742 451 874 535 inopina
896 458 1030 538 repente

176 540 264 604 Mors
287 540 377 605 venit
400 542 433 603 et
455 538 564 603 iuncto
588 538 783 622 locupletem
805 562 947 624 paupere
969 543 1071 626 tollit,

177 629 302 714 Quique
324 627 420 693 hodic
443 628 540 711 vivit,
563 628 591 691 si
614 627 704 691 vivat
726 649 797 691 ores
822 650 948 713 quoque
965 633 1081 697 nescit.

178 717 241 783 Sed
264 717 379 782 mortis
403 717 491 800 varic
514 716 705 798 quicumque
729 717 818 780 color
839 719 945 801 rapiet
967 723 1014 806 te3

124 827 164 866 sao
178 805 214 872 Si
236 811 269 871 te
292 806 462 890 precipitat
484 805 620 887 iustum,
644 825 774 868 securus
798 806 913 871 abibis.

177 896 266 980 Ergo
291 915 351 980 age
373 894 525 976 festinus,
547 892 728 957 mundanos
752 894 857 978 effuge
881 916 1002 980 cesses,

176 985 305 1068 Respue
329 1005 406 1067 opes
429 982 543 1065 falsas,
566 981 642 1065 luge
665 1002 740 1045 ceca
761 983 895 1068 negotia
918 985 1043 1068 mundi,

176 1074 262 1138 Dum
286 1076 319 1136 te
343 1072 413 1135 dira
437 1071 515 1135 sinit
537 1091 639 1152 mors,
661 1091 702 1134 ne
724 1069 838 1154 fugere
860 1072 996 1157 incipias
1020 1080 1112 1158 tunc,

177 1161 311 1239 Quando
336 1161 411 1244 fuge
434 1181 500 1223 non
523 1162 573 1222 est
594 1159 693 1223 locus.
738 1157 816 1223 lude
840 1161 906 1224 suis
930 1161 1007 1226 deus
1030 1162 1139 1247 inquit

123 1269 162 1311 ses
179 1249 333 1316 Asseclis:
356 1270 430 1331 cure
454 1248 546 1312 vobis
571 1248 626 1330 sit,
649 1268 690 1310 ne
713 1247 790 1332 fuga
813 1253 922 1313 vestra

178 1339 340 1424 Tempore
362 1338 395 1401 in
419 1336 555 1400 hiberno
578 1336 636 1400 fiat
657 1337 710 1401 vel
733 1337 885 1403 sabbato:
908 1339 942 1402 in
964 1339 1028 1403 ista

176 1427 253 1493 Non
276 1427 415 1491 multum
438 1425 516 1490 licet
538 1422 635 1511 die²);
660 1424 734 1490 nive
757 1447 830 1491 cum
853 1426 937 1511 tegit
959 1425 1093 1513 Alpes³)

176 1516 294 1584 'Pristis
312 1513 481 1601 hiemps4),
503 1515 566 1578 iter
585 1514 749 1599 aggressis
772 1515 825 1579 via
848 1516 1105 1581 commodanon
1129 1522 1189 1583 est.
1286 1549 1287 1602 3

177 1605 230 1672 Sic
253 1609 329 1690 post
351 1605 436 1669 hanc
459 1604 562 1668 vitam
585 1603 666 1667 nulli
689 1624 723 1666 se
747 1604 921 1689 corrigere,
943 1606 1071 1669 hostem
1286 1605 1287 1622 t

121 1713 163 1754 roo
176 1694 345 1760 Internum
368 1693 509 1778 effugere
532 1695 670 1774 tempus.
716 1691 778 1767 Qui
801 1693 981 1775 presbitero
1004 1715 1091 1758 nunc

176 1782 322 1850 Crimina
346 1804 408 1867 quq
431 1783 535 1866 gessit
557 1780 703 1864 profiteri
724 1781 864 1864 negligit
886 1785 919 1846 et
942 1784 998 1865 qui

175 1871 270 1938 Nunc
294 1893 333 1936 ex
356 1870 452 1936 corde
475 1891 551 1934 suos
573 1889 640 1932 non
662 1869 733 1932 vult
755 1869 871 1934 deflere
893 1874 1016 1955 reatus,

175 1960 255 2026 Post
277 1960 403 2024 obitum
427 1959 561 2041 supplex
583 1957 710 2021 veniam
734 1961 845 2039 poscet
867 1979 927 2022 nec
949 1958 1092 2026 hebebit.

176 2047 303 2113 Occidit
326 2046 475 2111 Eluridice
498 2049 672 2129 postquam
694 2046 837 2129 respexit
861 2050 893 2110 et
916 2045 1099 2134 Orpheus⁵)

122 2155 161 2196 sca
176 2136 344 2202 Incassum
366 2134 464 2199 flevit.
510 2132 667 2219 Nugaris,
692 2132 880 2220 agagula⁶),
902 2135 1019 2219 longus

175 2223 286 2310 Inquit
308 2222 556 2309 Ypercphanes,
579 2222 656 2306 quid
678 2225 729 2287 tot
751 2222 923 2308 proverbia
945 2224 1077 2289 ructas?

174 2313 232 2379 Nil
255 2314 341 2400 quod
363 2312 477 2399 perdat
500 2311 623 2376 habens
646 2311 806 2376 latronem
829 2334 896 2376 non
917 2312 1011 2377 timet
1033 2318 1066 2378 ct
1089 2315 1137 2378 nil

173 2404 327 2488 Prorsus,
350 2403 413 2487 ais,
436 2401 525 2467 dives
550 2422 677 2485 semper
699 2403 809 2465 manet
833 2402 947 2466 anxius
971 2406 1004 2465 et
1025 2405 1061 2466 tu

176 2492 302 2578 Pauper
325 2515 360 2558 es
382 2491 517 2575 invitus3
541 2491 629 2554 nosti
652 2489 729 2574 quid
753 2489 883 2554 Oretius
907 2489 1033 2574 inquit?

123 2599 162 2640 000
177 2579 289 2647 Virtus
313 2586 346 2648 et
369 2580 522 2645 nobilitas
547 2579 616 2643 rinc
639 2601 673 2643 re
697 2579 770 2661 plus
795 2578 897 2644 carice
921 2579 1037 2643 sordet.
1045 2576 1070 2664 ⁷)

175 2667 240 2734 Res
265 2691 304 2734 uc
328 2691 408 2754 opes
431 2668 546 2746 falsas,
568 2666 646 2752 fuge
669 2689 743 2732 ceca
766 2668 899 2752 negotia
922 2667 1040 2733 mundi.

175 2691 263 2834 Quid
282 2759 412 2822 tanturn
437 2757 556 2842 garris,
578 2756 676 2821 homo
701 2777 850 2838 mensure
873 2755 1061 2839 tripedalis?

174 2843 261 2910 ltaro
284 2843 397 2909 breves
420 2844 560 2910 humiles
585 2843 652 2909 vidi
674 2845 828 2928 rufosque
850 2843 1001 2931 fideles.⁸)

245 3003 297 3056 280
321 3016 344 3056 ο.
366 2999 499 3069 precipiet
612 3004 665 3055 282
689 3001 750 3055 licet
772 3001 813 3057 ire
836 3003 880 3057 die
903 3001 974 3057 coni.
998 3001 1187 3056 Wattenbach

169 3068 335 3214 qq‘tzt‘qiiqgsr,
354 3069 509 3126 Denkmala
530 3067 556 3126 S.
577 3074 638 3138 104)
719 3076 771 3127 288
791 3088 814 3126 c.
836 3073 940 3128 Tristes
1021 3078 1072 3128 302
1093 3089 1116 3129 c.
1135 3075 1187 3128 tri·

246 3287 271 3356 1)
291 3281 356 3340 Hor.
376 3281 427 3408 Eg
446 3280 467 3349 Ι,
486 3286 513 3350 2,
532 3285 566 3334 40
577 3296 618 3348 sq.
713 3284 740 3350 2)
760 3282 860 3338 Matth.
880 3289 924 3353 24,
943 3289 985 3340 20.
1080 3285 1109 3355 3)
1125 3283 1186 3342 Ecl.

174 3356 207 3425 X,
226 3360 269 3410 00.
350 3354 378 3424 4)
424 3368 497 3422 aorg.
517 3350 565 3418 IV,
586 3355 645 3405 135.
722 3357 750 3417 0)
771 3353 820 3408 Ov.
841 3354 908 3409 Met.
927 3355 960 3409 X.
980 3355 1026 3410 XI.
1105 3361 1131 3420 6)
1151 3357 1186 3410 cf.

173 3425 332 3498 Eupolemii
346 3423 435 3480 Ouum.
450 3421 528 3494 (eod.
544 3420 640 3476 Drerd.
654 3422 703 3476 Dc.
721 3425 791 3478 171⁵
804 3425 852 3479 fol.
867 3430 931 3490 21⁸)
945 3427 965 3493 I,
982 3432 1034 3481 296
1051 3425 1186 3480 verbosus

173 3496 304 3566 agagula.
400 3495 425 3564 7)
445 3495 510 3549 Hor.
530 3491 588 3546 eae.
607 3492 642 3558 Il,
662 3497 686 3562 0,
706 3497 730 3546 8.
815 3499 842 3564 8)
862 3496 896 3550 cf.
916 3495 1076 3565 Eupolemii
1095 3495 1187 3552 earm.

172 3567 193 3636 l,
213 3571 264 3622 000
283 3567 373 3632 Quum
391 3580 454 3619 raro
472 3562 567 3618 fideles
584 3563 588 3629 Ι
605 3561 676 3616 Sunt
693 3563 753 3616 rufi.
