2570 4044
144 185 187 250 20
514 183 622 240 saum
640 165 794 239 luascu

144 349 321 413 Exclamat
342 347 443 433 legio:
468 346 553 424 Quid
576 347 624 412 vis
648 368 708 412 nos
730 345 879 432 perdere,
901 345 1020 413 Ihesu?

148 436 227 514 Quis
252 435 354 520 pulsis
379 435 465 518 olide
488 436 635 516 concedit
658 457 711 501 are
734 457 832 520 pecus
856 433 980 520 hocque

149 523 313 594 drunnau
335 546 434 590 rauco
458 545 492 588 se
515 545 660 609 mergere
684 545 742 606 per
764 524 848 588 freta
871 524 981 589 currit.

92 635 132 676 515
146 614 223 698 Ipsa
247 612 342 678 deum
364 614 461 698 plane
483 616 648 678 testantur
670 613 771 696 facta,
794 612 875 677 duos
899 612 945 677 sic

84 703 86 709 ⁴
144 703 329 785 Augentem
352 703 469 786 pisces,
494 702 540 766 sic
564 705 664 785 panes
688 701 829 785 quinque
854 705 1036 766 sacrantem
1060 707 1097 768 ut

144 790 238 856 Milia
260 791 361 876 quina
382 791 553 856 hominum
577 793 728 854 saturans
753 789 878 854 auferre
901 789 1038 855 refertos
1062 815 1065 822 ⁴

144 878 203 945 Bis
227 901 323 945 senos
346 879 439 944 micis
463 879 620 963 cophinos
628 876 653 964 ¹)
678 878 840 962 iussisset,
863 899 917 943 eas
940 900 981 943 ne

32 987 35 995 ·
146 966 247 1033 Sorex
270 968 321 1032 vel
344 968 445 1032 limax
468 967 582 1033 tardus
605 969 658 1032 vel
680 967 771 1051 talpa
793 969 955 1032 vorarent.

92 1078 132 1118 530
147 1057 291 1142 Regulus
315 1057 384 1121 eius
409 1077 504 1140 opem
527 1077 586 1139 pro
609 1059 690 1121 nato
713 1057 860 1140 postulat
882 1076 975 1141 egro,

145 1146 199 1220 Ad
222 1167 316 1231 quem
340 1144 464 1230 „Vade,
486 1148 561 1210 tuus
585 1145 650 1209 iam
672 1143 755 1209 vivit
775 1144 896 1228 filius,“
920 1144 1034 1229 iuquit.

146 1233 208 1298 Ille
232 1233 303 1299 abit
326 1237 359 1298 et
381 1255 496 1298 sanum
519 1233 640 1317 reperit
663 1254 758 1316 quem
781 1233 921 1318 liquerat
945 1254 1067 1319 agrum.

147 1322 217 1388 Hec
239 1322 324 1386 inter
345 1321 509 1406 pascenda
531 1322 612 1387 cibis
636 1322 809 1386 celestibus
833 1325 947 1387 assunt

8 1487 14 1496 Α
150 1411 307 1496 Agmina,
330 1414 540 1495 conspectum
563 1411 700 1495 speciosi
723 1411 827 1475 visere
851 1408 975 1475 Christi

96 1520 136 1561 555
150 1499 199 1565 De
223 1521 286 1584 quo
310 1505 356 1564 sic
378 1499 539 1584 quondam
562 1499 679 1564 cecinit
700 1520 757 1564 rex
780 1502 876 1582 atque
899 1498 1071 1584 propheta:
1145 1535 1147 1540 ·

151 1587 267 1653 Gratia
290 1588 392 1674 digua
413 1589 479 1653 tuis
503 1588 619 1654 diffusa
642 1591 693 1652 est
716 1588 749 1652 in
772 1587 882 1672 labiis,
906 1589 961 1674 qui

147 1677 210 1742 Pre
226 1678 341 1762 'pueris
364 1678 534 1742 hominum
556 1677 663 1743 forma
686 1676 827 1761 pollente
850 1673 1019 1760 renides.²)

147 1764 331 1840 Nonnullos
356 1764 478 1831 Christi
501 1765 599 1831 facies
623 1765 810 1850 gratissima
833 1766 906 1830 visu

147 1854 285 1938 Allexit,
309 1854 466 1938 quosdam
489 1855 556 1937 vite
580 1853 728 1918 doctrina
750 1853 915 1939 perennis,

96 1963 135 2004 540
149 1942 194 2007 Et
218 1942 444 2008 circumfusam
466 1942 575 2009 videas
599 1940 720 2026 stipare
744 1942 923 2027 cohortem,

149 2030 240 2096 Sicut
263 2052 339 2115 apes
363 2032 448 2096 circa
470 2031 567 2095 flores
592 2030 768 2096 densantur
791 2032 825 2095 iu
849 2031 945 2115 Ybla,

149 2118 268 2185 Suavia
290 2119 419 2204 quando
442 2123 558 2204 petunt
580 2118 696 2204 thyma
718 2120 981 2204 convolitantque
999 2121 1168 2204 gregatim
1283 2101 1284 2150 ⁷

149 2208 202 2272 Ad
226 2207 391 2291 cithisum,
414 2208 497 2272 unde
520 2207 614 2274 favos
637 2213 794 2293 generent
817 2211 850 2272 et
873 2208 980 2273 dulcia
1002 2209 1115 2294 mella,

149 2296 258 2381 thue
280 2295 348 2380 fere
372 2296 533 2382 Hyrcanis
556 2301 672 2362 coeunt
695 2298 730 2362 in
753 2298 935 2380 montibus,
956 2305 1055 2381 utque

97 2384 190 2449 515Ι11
213 2386 323 2471 parvis
348 2387 472 2471 stipant
495 2385 707 2451 formicarum
730 2386 862 2471 agmina
885 2385 985 2452 cellis.

153 2473 231 2551 Quis
254 2496 322 2540 non
345 2476 475 2540 estimet
497 2475 560 2541 hoc
582 2496 739 2560 maguum
763 2475 896 2558 visuque
920 2473 1115 2559 stupendum

151 2564 260 2647 Atque
284 2563 343 2629 deo
368 2563 515 2650 dignum,
538 2564 625 2648 quod
650 2561 800 2629 Christus
823 2564 915 2628 milia
936 2563 1040 2628 multa

150 2651 297 2716 Panibus
321 2674 360 2717 ex
382 2654 493 2738 paucis
518 2653 692 2735 saturavit,
715 2652 877 2737 fragmine
900 2673 1022 2735 panum

151 2738 305 2805 Bissenos
330 2740 456 2825 pridem
480 2743 594 2825 qualos
618 2746 651 2805 et
665 2741 777 2805 denuo
802 2737 958 2826 septeml)

98 2847 138 2888 551
153 2827 388 2913 Accumulaus,
406 2831 462 2914 qui
485 2830 658 2894 invisibilis
682 2830 751 2894 sine
775 2850 870 2893 carne
893 2828 1001 2894 farina

151 2915 247 2981 Parit
268 2917 464 2982 inexhausta
487 2915 714 3003 Sareptensem
737 2916 867 2982 viduam
891 2936 910 2982 a
949 2939 989 2982 ue

151 3005 376 3089 Inconsumpti
400 3003 496 3091 olei4)
520 3027 588 3072 non
611 3006 779 3072 deficiente
804 2921 971 3093 lagendll,

152 3093 254 3158 Arida
276 3092 443 3179 frugiferis
467 3095 572 3160 caruit
596 3117 658 3184 quo
682 3098 828 3180 tempore
852 3096 950 3160 tellus

224 3309 275 3359 53⁷
295 3319 319 3358 c.
339 3305 486 3375 Prcpueris

227 3483 252 3551 1)
272 3481 356 3536 Prud.
375 3480 478 3551 Apoth.
498 3485 549 3536 718
561 3497 601 3548 sq.
657 3482 684 3550 2)
702 3479 775 3534 Psal.
795 3485 838 3549 44,
858 3487 882 3535 3.
941 3483 967 3548 3)
985 3477 1068 3534 Prud.
1089 3479 1173 3536 cath.

153 3551 201 3620 IX,
220 3557 302 3622 bsssq.
375 3553 526 3622 4)1Reg.
548 3555 588 3619 17,
609 3556 633 3606 9.
706 3549 973 3620 d)Hcr.Ep.l,4,
995 3556 1036 3606 11.
