2570 4044
488 219 705 278 PRAEFATIO.
722 238 725 246 ·
1027 232 1107 286 xvu

88 399 259 471 172-38l
282 399 323 488 (s.
344 397 439 488 XIII)
463 368 653 488 scriptum¹)
682 401 734 466 oui
757 401 899 485 tempori
923 399 1106 466 adscribam

87 494 209 558 nescio.
247 489 309 556 Sed
328 495 365 556 ut
383 491 418 556 in
436 490 524 556 notis
542 491 666 556 uostris
686 489 1004 573 commemorabitur,
1021 491 1107 554 iuter

88 583 202 649 ambos
234 581 331 665 plura
364 579 484 644 similia
516 583 593 644 sunt
624 579 672 644 ita
699 583 737 643 ut
765 577 905 642 alterum
933 599 973 642 ex
1001 579 1106 644 altero

88 669 247 755 quaedam
271 668 490 752 desumpsisse
512 689 704 751 persuasum
726 667 874 732 habeam.
917 665 988 743 Qua
1012 667 1050 730 de
1073 687 1108 730 re
1210 685 1215 693 ⁴

88 760 171 825 alias
201 757 384 823 accuratius
420 757 603 840 disputabo.
649 755 839 820 Amarcium
868 756 972 820 multa
1000 754 1106 820 Plinio

88 848 205 914 debere
240 867 338 930 supra
365 846 433 910 iam
460 845 582 914 monui.
633 843 727 922 Quod
753 847 852 930 poeta
880 843 945 927 III,
975 844 1037 912 191
1068 844 1115 908 de..

89 935 219 1002 vatibus
243 932 458 1000 Caesarianae
485 935 573 1000 necis
603 934 710 1002 adfert
736 953 776 1000 ex
803 929 959 1000 Suetonio
987 932 1114 998 hausit..

153 1023 206 1090 ‘Ex
229 1026 417 1089 sanctorum
440 1022 523 1087 actis
542 1022 714 1089 Amarcius
739 1020 769 1086 S.
792 1019 927 1087 Macarii
950 1018 1109 1107 Aegyptii-

91 1113 220 1178 abbatis
247 1113 350 1177 vttam
376 1112 460 1198 legit
483 1112 615 1194 eiusque
642 1114 770 1196 partem
794 1109 877 1175 libro
903 1110 1004 1175 tertio
1027 1107 1109 1194 (379

94 1199 217 1286 -416)
240 1201 388 1281 inseruIt,
417 1221 499 1284 quae
522 1197 723 1286 Bitdinger²)
752 1199 793 1264 ad
821 1199 922 1263 vitam
949 1197 1108 1264 Macharii

92 1289 167 1374 Syri
196 1311 281 1354 anno
308 1275 404 1356 1012&
425 1287 558 1354 Grandae
585 1289 707 1355 mortui
734 1288 897 1373 pertinere
923 1287 1010 1354 falso
1040 1290 1108 1372 opi-

92 1382 198 1442 natur.
249 1377 338 1454 Quae
371 1379 541 1444 Amaroius
575 1377 613 1443 de
640 1377 784 1444 Macerio
818 1376 935 1460 adfert,
967 1377 1035 1442 fere
1068 1376 1108 1440 ad

92 1466 227 1531 verbum
255 1487 293 1530 ex
322 1459 411 1550 illas
439 1466 506 1531 vita
530 1463 749 1553 desumpsit.⁸)
794 1464 880 1530 Item
904 1466 988 1550 quod
1011 1465 1108 1534 mira·

91 1557 199 1621 culum
223 1559 456 1620 commemorat
478 1558 575 1640 poeta
592 1554 634 1640 H,
652 1555 829 1621 coa-666
848 1552 962 1637 Beryti
984 1554 1108 1618 factum

90 1666 130 1709 ex
159 1643 240 1708 actis
268 1644 307 1707 de
336 1643 473 1708 concilio
496 1642 641 1710 Nicaeno
670 1643 810 1710 secundo
837 1642 949 1728 paucis
979 1641 1107 1708 omissis

93 1731 294 1815 excerpsit.)
892 1781 894 1784 .

158 1822 223 1885 Ars
241 1820 377 1885 metrica
397 1821 541 1886 Amarcii
559 1822 727 1906 proprium
750 1824 860 1886 servat
878 1820 995 1886 aetatis
1014 1841 1109 1885 usum

92 1909 268 1993 eademque
298 1908 380 1974 vitia
407 1910 551 1976 admittIt
578 1911 693 1996 quibus
722 1913 892 1994 poetarum
923 1909 1108 1993 aequalium

90 2019 203 2064 versus
226 1997 447 2082 inquinantur.
483 1997 546 2064 Sed
569 2001 664 2086 copia
686 1999 842 2065 vltiorum
865 1997 996 2064 illorum
1023 1997 1109 2082 apud

91 2092 240 2152 nostrum
254 2085 335 2152 haut
348 2088 396 2152 ita
410 2109 530 2173 magna
544 2092 608 2173 est3
628 2110 764 2174 quorum
778 2108 884 2171 pauca
896 2087 931 2151 in
949 2086 1053 2152 indice
1067 2085 1109 2151 11.

94 2175 262 2240 enarrabo.
311 2174 482 2241 Permulta
514 2181 624 2242 autem
656 2177 864 2243 inveniuntur
902 2175 936 2239 in
969 2176 1109 2242 carmine

91 2268 205 2328 nostro
232 2263 389 2330 vocabula
416 2279 492 2330 rara
520 2266 757 2350 verborumque
790 2262 1032 2330 coniunctiones
1061 2264 1107 2328 in·

93 2350 228 2415 tellectu
247 2351 405 2435 difficiles,
429 2374 565 2436 quorum
589 2356 745 2420 maiorem
764 2357 891 2438 partem
915 2375 954 2418 ex
977 2353 1110 2419 Horatii

96 2438 222 2522 satiris,
254 2440 331 2523 quid
356 2441 579 2525 significarent
601 2465 640 2508 ex
667 2440 806 2509 Acrouis
833 2441 1109 2525 interpretationi-

90 2528 152 2593 bus
186 2527 333 2612 edoctus,
370 2530 405 2593 in
434 2552 528 2595 suum
555 2553 649 2597 usum
681 2530 852 2597 transtulit
886 2534 1004 2594 noster.
1059 2528 1111 2594 Ex

94 2615 211 2701 quibus
249 2639 331 2702 quae
368 2617 467 2683 ullius
499 2621 658 2686 momenti
690 2624 767 2685 sunt
798 2620 832 2684 in
865 2619 977 2684 eodem
1005 2617 1109 2684 indice

94 2781 307 2795 -ῌ-

113 2947 118 2957 Ι
165 2878 190 2945 1)
216 2879 295 2944 Quod
318 2895 432 2936 carmen
454 2882 534 2938 brevi
561 2885 688 2954 tempore
712 2883 837 2939 editurus
864 2899 925 2937 sum
942 2883 973 2938 in
992 2882 1110 2955 „Roma

90 2946 187 3002 mecho
205 2947 430 3020 Forschuugen“.
515 2955 543 3023 2)
560 2955 580 3010 l.
599 2955 618 3009 l.
637 2974 665 3026 p.
687 2959 728 3011 16.
806 2956 833 3025 3)
852 2955 925 3009 Acta
943 2955 991 3011 SS.
1011 2955 1068 3011 Ian.
1088 2956 1110 3025 Ι,

92 3023 162 3074 1009
181 3034 205 3072 c.
225 3017 273 3085 ΠΙ,
294 3024 327 3073 12
351 3037 416 3076 ecce
440 3025 562 3079 occurrit
581 3025 626 3080 illi
645 3025 775 3081 diabolus
793 3025 823 3080 In
841 3025 888 3081 via
907 3042 971 3082 cum
989 3027 1063 3083 falce
1081 3031 1111 3082 et

91 3106 156 3144 cum
179 3089 267 3172 vellet
290 3107 353 3173 eum
379 3098 523 3160 percutere
551 3112 607 3151 non
635 3096 731 3166 potuit
754 3096 880 3178 dixitque
909 3097 947 3152 ei:
976 3097 1111 3170 Magnam

90 3177 108 3214 a
126 3161 156 3214 te
174 3178 233 3215 vnn
251 3164 359 3230 pat1or,
377 3161 495 3232 Macati,
520 3165 587 3235 quia
604 3168 752 3224 adversum
771 3169 800 3222 te
819 3167 892 3222 mhil
910 3168 999 3226 valeo.
1038 3169 1110 3224 Ecce

90 3247 168 3286 emm
186 3231 322 3302 quidquid
340 3235 373 3288 tu
392 3233 461 3290 facis
479 3239 509 3290 et
526 3253 579 3307 ego
598 3238 680 3294 facio.
718 3240 829 3294 Ieiunas
853 3240 882 3294 et
900 3256 962 3310 ego.
999 3238 1109 3310 Vigilaa

90 3305 119 3356 et
144 3317 197 3371 ego
221 3303 334 3359 omnino
358 3321 423 3388 non·
439 3305 552 3363 dormio.
594 3307 687 3364 Unum
710 3312 755 3365 est
780 3309 977 3366 tantummodo
1000 3310 1030 3364 in
1054 3326 1109 3434 pzuo

89 3388 136 3426 me
156 3389 279 3442 superas.
311 3376 350 3430 Et
368 3376 439 3431 drcrt
456 3379 483 3432 ei
502 3379 589 3434 abbas
603 3379 754 3437 Macarius:
774 3380 856 3446 Quod
870 3383 914 3436 eat
927 3380 1024 3437 istud?
1083 3394 1109 3434 e·

91 3442 204 3512 spondit
229 3445 370 3503 diabolus:
398 3447 551 3505 Humilitas
578 3453 642 3522 tua,
671 3454 700 3507 et
727 3452 790 3508 ideo
815 3451 963 3507 adversum
986 3454 1015 3507 te
1038 3449 1110 3505 nihil

90 3530 212 3582 possum.
284 3521 312 3585 4)
331 3517 422 3574 Manui
437 3537 511 3576 nova
530 3522 629 3580 concil.
650 3523 760 3579 collect.
775 3521 898 3592 ampliss.
914 3521 988 3592 XIII,
1003 3528 1109 3578 23-30

91 3585 168 3653 (acta
187 3586 283 3641 concil.
302 3587 418 3646 Nicaea.
438 3592 464 3646 II
484 3591 557 3648 actio
577 3592 635 3663 IV).

146 3682 254 3726 umen
267 3685 404 3730 Sarnous.
929 3685 947 3738 b
