2600 4044
410 584 473 656 111.
506 581 659 655 rrcnx
687 521 910 653 clrrrcrl.

156 806 259 877 Incipit
273 805 393 876 epistola
403 805 480 863 sexti
489 805 615 862 Amarea
625 805 700 861 Galli
709 805 866 861 Plomma
880 804 916 860 ae
926 804 1080 860 Candidum
1117 744 1172 785 m.

229 878 307 933 Theo
328 878 433 947 yetium
452 877 612 932 Alchimum
633 915 1081 934 ...........
1156 881 1170 928 1

184 949 203 1017 1,
249 949 270 1002 1.
322 947 433 1032 pilogue
459 949 493 1003 de
516 947 667 1003 virtutibus
697 950 810 1018 patrum
838 948 868 1003 et
894 946 1080 1017 posteriorum

241 1088 274 1144 ΙΙ.
302 1034 501 1158 lvllgugcqiiod
523 1061 647 1146 araricia
671 1061 748 1160 leges
762 1059 812 1143 'et'
827 1056 991 1144 sanctionec
1015 1059 1080 1142 abb-⁰
1154 1022 1169 1069 2

227 1231 274 1288 111.
302 1162 414 1286 ere·
431 1203 506 1300 qm
534 1201 635 1286 aa·
650 1201 770 1286 rnna
794 1200 955 1287 anta
977 1200 1006 1285 n
1030 1199 1081 1285 a:
1155 1164 1172 1211 ⁴

302 1300 424 1356 minibus
451 1342 1080 1358 ...............
1156 1307 1171 1354 7
1275 1305 1276 1308 ’

227 1371 273 1427 IV.
302 1373 426 1427 Invectio
446 1372 476 1427 in
495 1374 629 1442 superbos
674 1412 1080 1428 ..........
1138 1378 1171 1427 10

242 1443 276 1499 V.
304 1443 345 1499 De
365 1443 483 1500 diversio
501 1442 611 1500 luxurie
629 1443 769 1500 illecebris
806 1485 1079 1502 .......
1138 1449 1171 1498 13

228 1512 274 1568 VI.
300 1514 358 1638 BDe
376 1512 497 1640 invidia}
539 1557 992 1572 ...........
1003 1585 1008 1596 ¹
1029 1558 1036 1570 .
1054 1559 1079 1596 .·
1138 1520 1170 1567 17

170 1585 204 1652 ΙΙ,
250 1586 271 1639 1.
326 1602 398 1641 ΘΘο
422 1602 477 1656 quo
520 1587 675 1648 incarnatio
700 1585 805 1642 Christi
832 1585 960 1655 predicta
987 1586 1025 1641 ert
1051 1603 1082 1641 nr

308 1655 396 1712 veteri
413 1659 583 1713 testamento
630 1699 1080 1714 ...........
1135 1662 1168 1711 21

242 1727 275 1781 Il.
303 1728 345 1782 De
364 1744 397 1782 eo
416 1745 465 1783 cur
483 1728 535 1785 Dei
553 1728 627 1783 filine
645 1727 787 1784 incarnari
805 1727 947 1784 voluerit.
986 1771 992 1782 .
1030 1771 1036 1782 .
1076 1772 1081 1783 .
1137 1733 1171 1782 23

228 1797 275 1853 ΙΙΙ.
305 1797 484 1856 Confirmatio
508 1799 708 1856 incarnationis
733 1799 872 1856 dominice
900 1816 934 1854 ex
961 1801 1082 1869 prophe·

304 1871 397 1924 tarum
415 1870 579 1926 testimonio
585 1911 1081 1928 ............
1138 1874 1172 1923 26

229 1939 276 1994 IV.
306 1940 385 2007 Quod
404 1939 595 1997 ineluctabilis
614 1941 652 1996 eit
669 1939 818 1996 iudeorum
836 1940 944 1996 duricia
986 1983 991 1995 .
1030 1983 1036 1996 .
1075 1982 1081 1994 .
1137 1946 1171 1995 31

241 2010 274 2066 V.
304 2009 345 2066 Dc
363 2011 470 2066 invidia
488 2012 633 2067 hominum
651 2013 681 2066 in
698 2011 825 2067 homines
852 2053 1081 2068 ......
1137 2015 1172 2066 38

227 2081 274 2136 VI.
303 2083 344 2136 De
363 2081 503 2137 discordia
522 2084 550 2138 et
568 2083 611 2138 ira
630 2083 659 2136 et
677 2099 761 2164 quam
775 2081 854 2138 utilis
870 2082 908 2138 eit
920 2083 1081 2153 penitencia
1135 2087 1171 2136 40
1278 2137 1279 2146 ,

155 2149 204 2220 111,
252 2153 272 2206 Ι.
301 2150 343 2207 ΒΘ
363 2151 514 2208 sobrietate
533 2154 563 2207 et
581 2153 742 2210 elemoerme
760 2153 896 2208 faciendis
942 2197 947 2208 .
985 2193 991 2208 .
1031 2197 1036 2209 .
1075 2197 1080 2209 .
1137 2157 1172 2207 45

242 2222 276 2277 11.
304 2221 345 2278 De
365 2238 398 2280 Θο
418 2224 492 2292 quod
511 2224 594 2280 valde
613 2224 854 2281 resistendum-ait
873 2224 984 2281 libidini
1030 2267 1036 2280 .
1075 2266 1080 2278 .
1138 2228 1170 2276 51

227 2293 275 2353 ΙΙΙ,
303 2292 344 2348 ΒΘ
373 2311 406 2351 eo
435 2295 509 2364 quod
528 2296 603 2350 Dece
626 2295 746 2352 humiles
771 2295 873 2366 diligat
895 2298 924 2351 et
947 2297 1082 2366 superbos

304 2369 485 2437 contempnat
496 2406 1081 2423 ..............
1139 2371 1172 2420 56

228 2436 275 2491 Ν.
303 2435 345 2491 ΒΘ
365 2439 440 2493 statu
458 2440 551 2513 anime
570 2440 599 2495 et
617 2438 785 2495 excellentia
803 2438 893 2494 carnis
941 2483 946 2493 .
986 2482 991 2493 .
1030 2479 1035 2490 .
1075 2480 1080 2492 .
1137 2441 1171 2490 59

242 2509 275 2563 V.
305 2506 345 2562 De
373 2509 507 2565 Eufrcnio
536 2513 653 2566 docente
682 2509 758 2580 quod
785 2509 879 2566 omnia
905 2509 935 2563 in
963 2507 1082 2565 caritate

305 2579 419 2634 condita
437 2580 493 2637 rint
511 2583 540 2635 et
558 2581 588 2636 in
606 2598 641 2637 ea
659 2582 814 2637 consistant
832 2581 947 2638 omnia.
987 2623 993 2636 .
1030 2622 1036 2633 .
1075 2621 1080 2634 .
1137 2583 1171 2633 65

230 2649 275 2704 VI.
304 2648 345 2704 ΒΘ
363 2650 568 2707 incontinentia
586 2653 763 2708 sacerdotum
807 2693 1081 2707 .......
1137 2654 1171 2704 68

216 2718 274 2774 VH.
304 2720 344 2774 De
368 2738 401 2776 eo
425 2721 495 2792 quid
517 2723 555 2777 eit
578 2722 769 2779 sacerdotibus
793 2722 961 2779 servandum
979 2721 1081 2791 quidve

304 2789 451 2847 vitandum
496 2834 1079 2850 ..............
1138 2797 1170 2845 73

156 2860 206 2928 lv,
250 2862 270 2916 l.
298 2861 340 2915 ΒΘ
359 2878 392 2918 Θο
411 2864 486 2932 quod
504 2863 574 2918 fider
593 2864 653 2920 eine
672 2865 802 2934 operibus
821 2865 933 2920 mortua
951 2864 989 2919 sit
1030 2907 1035 2917 .
1074 2906 1080 2919 .
1137 2867 1171 2917 78

241 2931 276 2986 ll.
306 2932 347 2987 ΒΘ
366 2932 419 2986 XII
436 2934 580 3004 lapidibus
600 2938 628 2990 et
646 2935 777 2991 misteriis
797 2951 892 2991 eorum
939 2978 946 2991 .
985 2977 990 2988 .
1029 2977 1035 2989 .
1074 2976 1079 2987 .
1137 2937 1169 2986 81

228 3001 276 3058 Ill.
306 3001 347 3058 De
366 3018 399 3057 eo
418 3006 494 3072 qnod
513 3007 632 3061 mundus
652 3006 690 3060 eit
710 3007 947 3076 contempnendae
985 3048 991 3061 .
1029 3046 1035 3058 .
1074 3048 1080 3060 .
1137 3006 1171 3058 84

229 3073 275 3129 IV.
303 3072 345 3127 De
364 3089 397 3128 eo
417 3077 491 3142 quod
510 3093 568 3132 non
585 3077 677 3146 poerit
693 3093 810 3148 regnum
830 3078 953 3151 celorum
973 3074 1081 3144 acquiri

305 3145 364 3200 eine
383 3144 521 3215 patientia
541 3185 1080 3202 .............
1137 3150 1170 3198 89

243 3216 276 3270 V.
306 3215 402 3271 Oratio
421 3215 457 3272 ad
476 3219 601 3272 sanctam
620 3219 778 3274 trinitatem
797 3220 826 3274 et
843 3218 912 3274 fides
936 3217 970 3271 de
991 3233 1081 3272 recur-

306 3286 429 3343 rectione
448 3289 538 3344 carnia
586 3329 1080 3344 ...........
1137 3292 1172 3342 94

319 3446 339 3501 Ι.
369 3448 454 3504 Index
474 3449 618 3504 nominum
630 3489 1080 3505 ...........
1138 3451 1172 3502 96

306 3516 340 3572 ll.
369 3518 454 3575 Index
475 3536 573 3576 vocum
589 3520 725 3576 rariorum
745 3522 774 3574 et
792 3535 884 3574 rerum
898 3561 1081 3576 .....
1121 3521 1171 3572 102
