2600 4044
182 190 225 254 80
550 186 655 242 suxrl
673 186 827 243 AMARCII
871 195 873 201 ’

183 350 243 417 Sus
268 351 308 415 ad
332 350 492 415 sentinam
515 349 613 434 redii,
637 349 675 414 ad
699 350 858 415 vomitum
882 348 1021 436 eanis1);
1044 349 1163 416 horum

181 437 258 505 Non
282 440 381 522 pudet
404 443 479 505 sole
501 439 614 524 sequi?
659 438 763 504 Multo
788 439 978 522 prudentior
1001 442 1051 504 esi
1074 444 1107 504 ie

181 528 309 611 Infans,
332 528 454 594 uriioes
477 530 649 614 ignemque
672 528 767 592 timei
790 529 890 592 semel
912 530 1015 594 usius.

141 643 168 684 rs
184 617 268 694 Quid
291 616 418 682 dicam?
465 616 573 683 Satius
597 620 682 681 cerie
706 621 739 680 el
762 616 919 680 venialius
943 619 1042 700 esset,

181 705 259 772 Non
282 707 405 790 cepisse
429 707 515 772 vium
537 706 619 790 veri,
642 727 738 789 quam
762 705 906 788 linquere
931 708 1067 788 oepism.

181 795 319 860 Perdere
342 799 438 880 paria
460 796 566 881 magis
590 799 684 878 turpe
708 797 772 878 esi,
796 815 893 878 quem
916 794 1006 858 nulle
1028 816 1173 878 parasse.

182 883 236 948 Ah
259 885 349 969 piget
373 889 470 968 elque
492 884 592 968 pudet
614 903 786 968 procerum
809 883 848 947 de
871 882 1055 966 perdicione

181 973 296 1038 Dicere
319 972 507 1058 multiplici!
553 971 692 1048 Quidem
715 976 791 1056 posi
812 971 900 1036 illita
922 971 1024 1036 fronti

140 1087 168 1126 so
183 1059 284 1147 Signa
307 1063 371 1127 olei
394 1062 553 1146 liquidum
576 1062 665 1145 plote
687 1061 726 1125 de
750 1059 857 1143 pixide
880 1060 1018 1124 nardum

182 1148 354 1215 Sumenles
377 1151 479 1215 flavos
503 1150 630 1215 deiecto
653 1149 775 1214 vertice
799 1146 937 1230 erines2)

181 1238 330 1325 Unguni,
354 1242 387 1302 ei
409 1239 525 1303 mitres
548 1239 710 1322 inponunt
734 1238 872 1321 desuper
895 1238 994 1302 albos.

181 1327 401 1404 Quorumdam
425 1328 587 1392 auriculas
612 1328 746 1410 sulpisie
769 1327 880 1392 fistule
902 1327 1037 1410 mulsei,

182 1415 258 1480 Non
281 1416 485 1481 attendentes
509 1416 595 1501 quod
617 1417 794 1482 versiculus
819 1420 914 1481 sonat
935 1415 1012 1480 isio:

142 1526 168 1566 55
181 1503 257 1570 Non
281 1505 413 1589 pleoani
436 1506 602 1571 dominum
625 1505 742 1588 blande
765 1505 919 1589 tybioinis
943 1505 1003 1588 ode

182 1594 258 1660 Non
282 1595 460 1659 delectetur
484 1593 647 1660 Saliorum
669 1594 812 1659 carmine
835 1593 937 1659 molli.

181 1683 244 1748 Est
267 1683 355 1748 aliud
378 1684 465 1768 quod
489 1688 576 1768 evei,
599 1683 752 1748 nimirum
775 1686 812 1747 ui
835 1704 902 1747 sem
928 1705 962 1748 er
985 1704 1138 1769 agemus,

182 1772 250 1848 Quo
273 1773 373 1855 iubei,
396 1776 430 1837 ei
453 1795 580 1857 semper
603 1773 775 1858 vigilemus
799 1707 937 1858 eordeii,
960 1793 1019 1838 neo
1041 1794 1199 1857 umquem

180 1859 250 1926 Nos
273 1864 479 1946 poeoniorum
504 1883 601 1945 sopor
624 1861 788 1946 opprimat
811 1865 909 1944 sique
931 1860 1083 1926 reierdei.

140 1971 167 2010 so
180 1948 374 2034 Ignoramus
399 1951 484 2014 enim
509 1972 572 2034 quo
596 1953 742 2033 ternpore
765 1950 818 2015 vol
842 1950 959 2033 quibus
981 1948 1071 2015 horis

179 2036 279 2103 Iudex
303 2038 467 2124 adveniat,
489 2060 567 2102 num
591 2037 720 2123 quando
743 2040 933 2123 crepusculo
955 2040 1060 2104 luoem

180 2125 364 2192 Obscuranl
387 2131 444 2192 oui
466 2128 501 2192 in
524 2127 629 2210 medip
653 2126 792 2212 caligine
815 2128 919 2193 noctis

179 2214 248 2279 Aut
270 2215 349 2300 gelli
373 2219 484 2300 osuiu,
507 2215 558 2280 vel
582 2237 708 2281 summo
732 2238 828 2281 mene
850 2217 942 2282 velut
964 2217 1024 2282 fur.

180 2303 300 2391 Magna
324 2308 356 2368 ei
380 2327 491 2369 amare
515 2305 583 2370 dies
607 2305 729 2370 domini
753 2306 862 2370 subito
886 2306 1007 2388 veniet,
1030 2308 1107 2372 iuno

138 2415 164 2454 oe
180 2393 307 2460 Premis.
325 2393 461 2480 quisque
485 2415 542 2459 suo
566 2395 673 2478 oepiei
694 2394 856 2479 condigna
877 2394 992 2460 labori.

178 2483 283 2549 Nemo
305 2484 482 2568 perfectus,
505 2505 600 2549 nemo
624 2485 714 2549 omni
736 2487 828 2566 perte
851 2480 1015 2569 beatum),

177 2570 296 2638 Nullus
320 2574 401 2638 vivii
424 2573 537 2657 homo,
561 2574 685 2638 eunctis
709 2573 886 2638 viriuiibus
910 2593 980 2637 esre

178 2659 240 2735 Qui
263 2662 372 2726 voleat
393 2662 530 2745 nitidus,
552 2683 618 2727 non
641 2663 748 2726 omnis
770 2662 806 2726 in
829 2661 978 2726 omnibus
1003 2663 1107 2744 aptus.

177 2745 288 2813 Tellus
311 2750 370 2815 ille
392 2751 488 2835 piris,
510 2750 570 2816 heo
594 2751 703 2834 aptior
726 2754 777 2815 est
800 2750 964 2832 eleusius,

137 2834 249 2901 roIllio
273 2837 389 2902 fertilis
413 2840 519 2921 spioes
544 2860 622 2925 eger
645 2839 712 2905 edii
735 2841 876 2923 opimas,

177 2923 241 2990 Hic
264 2925 379 2990 melius
405 2927 510 3010 plenis
534 2928 667 2992 vivescit
690 2929 784 2992 vinee
807 2928 924 2993 botris:

248 3159 282 3210 48
302 3171 325 3211 o.
344 3154 532 3224 deperdicione
604 3158 638 3208 51
658 3171 681 3209 o.
700 3155 818 3211 detorto

248 3352 274 3416 1)
298 3355 313 3403 2
333 3350 406 3405 Peir.
426 3355 451 3419 2,
471 3354 518 3417 223
543 3348 577 3404 oi.
601 3347 761 3418 Eupolemii
780 3346 807 3404 0.
833 3347 910 3419 (Ood.
931 3347 1028 3403 Dresd.
1049 3348 1100 3402 Do.
1121 3350 1196 3402 171⁸

175 3420 223 3476 fol.
244 3416 309 3490 33¹2)
328 3420 362 3489 II,
380 3425 434 3477 455
452 3420 570 3476 resumit
589 3421 594 3490 1
614 3419 695 3484 Quod
713 3419 823 3475 vomuit
840 3420 916 3475 oanis
935 3420 965 3473 ei
984 3435 1082 3474 oenum
1101 3416 1196 3475 sioous

174 3490 279 3630 {pppissi'i
290 3509 375 3630 pposh·
421 3495 450 3561 2)
468 3493 536 3546 Aen.
555 3489 602 3558 IV,
622 3496 682 3547 698.
750 3493 777 3560 3)
797 3490 877 3546 Cant.
896 3495 921 3558 ὁ,
940 3495 965 3544 2.
1026 3493 1054 3558 4)
1073 3488 1141 3544 Hor.
1163 3488 1194 3544 (l.
