2600 4044
522 213 630 268 LIBER
647 212 696 268 IV.
1075 216 1117 280 93

101 374 262 459 Nauseat,
285 371 469 461 ictericus1)
493 379 628 457 cretam,
653 375 834 461 raphanum
857 377 1037 462 peducosus

100 463 229 529 Invitus
252 463 351 546 bibit,
375 484 411 527 os
435 464 641 547 apoplexicus
665 487 685 528 a
707 465 860 531 basilisca
1130 485 1171 524 sao

102 550 285 618 contrahit
329 551 464 634 Insulsi,
488 553 542 635 qui
565 553 779 638 ignominiam
804 576 873 619 esse
895 557 1020 638 putatis

102 639 278 724 Grandem,
302 640 330 704 si
354 640 474 704 stultus
497 641 590 706 vobis
613 641 714 707 infert
736 643 824 708 male
847 644 1031 729 quisquam,

101 728 146 794 Ni
169 729 312 794 vindicta
336 728 418 794 assit
442 729 612 794 subitanea
635 734 668 795 et
691 731 776 797 hunc
799 752 893 817 mage
917 733 1019 798 torvis

103 817 205 894 Quam
229 817 299 882 linx
318 821 376 882 aut
394 816 493 906 Bicic,
518 839 579 902 qne
597 818 773 903 hominem,
796 820 824 884 si
842 821 970 888 credere
989 822 1038 888 fas
1058 827 1116 909 est,
1185 880 1186 883 ,

101 905 226 971 Intuitu
250 903 460 990 perimunr),
484 907 585 971 oculis
609 908 749 972 lustrare
773 909 901 974 soletis!
1128 925 1169 968 cas

103 993 315 1074 Seminecem,
338 994 477 1078 iuvenis,
500 999 592 1059 tute
615 996 701 1061 inter
724 997 842 1062 balnea
864 997 978 1084 fingis,

100 1083 212 1148 Mutus
236 1105 284 1163 es,
306 1087 345 1147 ut
367 1087 495 1166 sumpta
516 1083 620 1148 fertur
643 1085 732 1150 canis
757 1107 827 1150 esse
850 1087 980 1172 rubeta,

102 1171 224 1237 Surdus
248 1194 295 1256 es,
317 1174 356 1236 ut
378 1171 496 1237 Marsis
520 1193 554 1236 se
577 1172 691 1256 prebet
714 1175 863 1240 cantibus
888 1176 990 1261 aspis,

101 1257 204 1325 Cecus
228 1282 276 1343 es,
298 1264 336 1325 ut
358 1282 425 1326 non
447 1260 521 1344 plus
546 1261 655 1326 videas
680 1283 776 1346 quam
800 1264 909 1329 cecula
932 1266 1044 1331 lucem.

99 1347 147 1413 Ut
170 1349 305 1433 querula
327 1350 434 1414 tenuis
457 1354 603 1414 recreata
624 1352 783 1416 novacula
805 1356 877 1417 cote
1128 1369 1169 1409 444

100 1436 226 1501 Pubere
249 1441 281 1502 te
304 1438 398 1503 vultu
420 1438 548 1520 prolixa
571 1436 753 1526 segre[ge⁸)
776 1441 892 1522 barba]

100 1524 230 1591 Reddat
252 1529 285 1590 et
307 1525 437 1591 incedas
460 1526 581 1592 nitidus
604 1529 804 1611 pervince[re
828 1531 962 1614 nuptas]
987 1567 1030 1580 -

101 1613 192 1679 Seria
213 1615 350 1679 ridiculo
374 1614 451 1699 quid
475 1616 569 1680 obest
592 1637 740 1682 sermone
763 1617 901 1682 notare?
926 1654 965 1665 -

101 1701 154 1768 Sic
176 1702 228 1767 fao
251 1704 447 1769 nocticulam
471 1705 602 1768 simules
627 1705 788 1789 gravitate
812 1728 975 1790 soporem,

100 1790 148 1856 Ut
171 1795 229 1856 tua
251 1793 301 1857 rir
324 1792 458 1858 rabidus
482 1793 600 1858 sarcire
623 1794 753 1876 piacula
776 1793 881 1879 quivis
1127 1812 1168 1854 4⁵⁵

98 1879 221 1944 Ictibus
245 1885 302 1946 aut
326 1903 426 1946 sanna
450 1885 547 1965 queat
571 1883 758 1967 ornerisque
781 1884 914 1949 iuventa

99 1968 268 2034 Virtutum
291 1969 435 2054 placida,
459 1974 621 2036 summoto
645 1973 733 2037 crine
755 1975 916 2038 notarum.

102 2056 165 2134 Qui
187 2059 319 2142 paulum
342 2059 429 2123 lesus
452 2059 633 2124 fumantem
656 2061 784 2126 imitare
807 2060 971 2127 Vesorum

99 2144 168 2210 Nec
191 2149 224 2210 te
247 2148 356 2212 metiri
379 2146 427 2212 vis
450 2148 621 2212 materiam
644 2151 818 2235 cariosam,

100 2233 236 2310 Quando
259 2257 318 2319 pro
343 2233 598 2301 Christoferres
619 2240 784 2313 tormenta
806 2239 859 2305 vel.
882 2239 996 2324 ignes?
1127 2257 1167 2296 440

98 2321 261 2389 Deficeres
285 2329 433 2408 presente
457 2325 558 2408 malo,
582 2347 677 2408 quem
700 2331 813 2410 raptus
838 2327 878 2391 ad
903 2328 969 2391 alta

98 2410 185 2476 Exul
208 2412 351 2498 signarit
375 2413 534 2477 sexcentis
557 2414 706 2478 undecies
730 2412 826 2500 sex.4)

97 2499 162 2565 Hic
184 2501 239 2584 pia
262 2505 449 2567 sanctorum
472 2501 611 2586 collegia
633 2503 860 2586 mortificabit,

100 2588 222 2654 Multos
246 2590 418 2676 prodigiis,
440 2591 559 2655 multos
582 2589 713 2655 feritate
736 2590 890 2656 domabit

99 2676 190 2743 Tunc
214 2699 303 2743 sacer
326 2678 463 2763 HelyeS,
485 2682 563 2744 tunc
586 2679 681 2744 vivax
705 2680 830 2744 occidet
851 2678 972 2744 Enoch.
1126 2699 1165 2739 us

100 2765 127 2831 0
153 2770 232 2850 quot
253 2789 408 2851 precones
431 2767 532 2832 habet
554 2768 609 2832 ille
633 2768 752 2847 melus,
775 2768 871 2833 modo
896 2789 1033 2852 quorum

98 2854 224 2921 Probra
241 2860 274 2920 et
293 2877 423 2922 acroma
441 2856 592 2941 frequens
610 2857 660 2920 fer
678 2860 711 2922 et
730 2878 764 2920 es
783 2860 909 2941 martyr
927 2858 997 2922 sine
1015 2857 1112 2926 ferro.

98 2941 227 3027 Pauper
249 2945 301 3009 cui
323 2945 413 3009 nulla
437 2948 487 3009 est
509 2947 687 3029 possessio,
710 2968 810 3029 parva
834 2946 1016 3030 suppellex,

98 3031 294 3097 Imbricibus
316 3033 529 3118 trabibusque
551 3034 704 3100 humeros
728 3038 881 3100 oneratus
904 3038 936 3099 et
958 3035 1038 3118 illis,

170 3246 223 3295 420
242 3257 265 3295 o.
285 3242 320 3296 ab
338 3243 450 3297 osiliaco
539 3248 591 3297 425
616 3259 639 3297 c.
658 3245 690 3298 ira
707 3243 782 3298 tuito
873 3246 926 3297 428
940 3245 1044 3314 prebet]
1059 3260 1112 3316 pre

97 3327 233 3380 superscr.
252 3312 282 3365 M
362 3317 415 3368 448
435 3329 457 3370 c.
472 3315 560 3384 palca
579 3330 648 3369 corr.

170 3508 196 3575 1)
216 3504 250 3561 cf.
270 3505 393 3561 Iuvenal.
412 3505 460 3575 VI,
480 3510 540 3562 ⁶65.
629 3507 745 3578 s)P1in.
765 3515 790 3578 7,
809 3514 835 3580 2,
856 3514 888 3564 16
899 3527 940 3579 sq.
1027 3513 1055 3580 3)
1075 3509 1110 3565 cf.

98 3574 182 3631 Prud.
201 3577 283 3632 Ham.
303 3580 363 3632 803.
437 3579 464 3648 4)
483 3579 569 3648 Apoc.
590 3582 633 3646 13,
653 3585 695 3633 18.
