2600 4044
183 201 226 266 62
552 199 659 256 sexui
678 200 831 256 sunnon

181 364 276 429 Nunc
300 384 360 449 age
383 363 536 428 virtutem
561 364 727 448 celumque
753 364 924 429 ascendere
947 368 1086 451 tempta3

181 451 228 518 Ut
250 453 387 517 volitare
411 453 524 537 nequit
547 453 686 519 canteris
710 453 837 519 saucius
861 453 929 518 ictu

126 559 167 600 see
182 541 273 626 Ales,
296 542 344 606 ita
367 540 487 624 invidie
512 563 607 625 quem
631 541 702 606 dira
726 543 847 628 sagitta
869 541 1029 629 retardat,

179 630 317 696 Emulus
341 629 381 694 ad
405 631 466 714 celi
488 631 672 715 pertingere
695 653 761 696 non
782 630 872 696 valet
896 632 1017 717 aulam,

180 718 226 784 Et
247 719 324 784 licet
347 739 495 802 expresse
518 719 639 784 trinum
663 718 805 784 fateatur
829 723 862 783 et
885 741 995 786 unum.

181 806 333 892 Quisquis
357 829 465 872 amore
489 808 585 892 nitet,
609 808 745 873 virtutes
768 807 926 874 nundinat
950 831 1063 874 omnes

180 895 406 981 Collectasque
428 900 531 981 tenet,
553 897 711 961 virtutum
734 897 870 962 nuncius
895 897 951 962 ille
976 902 1034 963 est.

125 1004 166 1044 400
180 985 318 1050 Edituus
341 985 405 1050 levi
429 1005 501 1050 cum
524 985 746 1050 tintinnabula
768 985 854 1051 ferro

179 1072 326 1161 Pulsat¹)
350 1077 383 1138 et
406 1073 551 1139 accendit
574 1074 756 1159 candelam,
778 1079 848 1139 tum
871 1074 953 1139 bene
977 1097 1093 1140 sanum

179 1162 307 1246 Vulgus
332 1161 425 1228 adest
446 1161 654 1247 humerisque
679 1164 766 1246 gerit
788 1184 946 1246 suspensa
969 1163 1112 1230 sinistris

178 1250 296 1330 Pallia,
320 1250 492 1316 summisso
515 1272 673 1316 venerans
698 1251 816 1316 altaria
839 1251 908 1316 vult
931 1301 938 1316 .

177 1339 269 1404 Haut
291 1339 445 1424 dubiique
469 1335 814 1423 manent'celebrandp
837 1341 950 1404 munia
973 1341 1084 1428 misse,

124 1448 164 1489 005
179 1428 267 1505 Quos
290 1427 450 1512 premissa
474 1429 545 1493 cavi
568 1451 630 1494 vox
652 1428 847 1494 invitaverat
870 1429 943 1512 eris.

176 1516 340 1601 Pantherp
365 1517 404 1582 ad
428 1539 541 1582 vocem
564 1519 727 1600 maculose
752 1517 886 1582 confluit
908 1518 1015 1583 omnis

177 1607 303 1690 Bestia,
326 1611 433 1671 tortus
455 1607 535 1671 item
559 1606 619 1671 sub
643 1607 719 1671 tofis
742 1627 776 1671 se
800 1605 897 1672 draco
921 1603 1077 1691 condid),

178 1693 260 1761 Cum
283 1701 392 1761 tamen
416 1695 564 1780 ingentes
588 1695 703 1760 barres
726 1698 820 1760 necet
843 1699 876 1760 et
898 1695 1117 1762 crocodillum.

178 1784 336 1869 Tempore
360 1807 433 1849 cum
456 1805 556 1849 verno
580 1805 696 1849 cornus
720 1784 772 1849 vel
795 1784 939 1868 quelibet
962 1785 1059 1848 arbos

122 1893 163 1933 500
176 1873 332 1939 Producit
354 1874 497 1938 fructum
520 1875 678 1956 reparatis
701 1873 883 1956 frondibus,
906 1876 992 1938 estas

176 1961 407 2027 Pulverulenta
431 1960 506 2045 gelu
528 1966 632 2026 terras
654 1961 819 2046 linquente
842 1961 1048 2046 propinquat

176 2049 216 2113 In
239 2051 327 2134 pacis
352 2051 483 2136 signum
507 2049 576 2132 celo
602 2050 678 2114 deus
701 2049 820 2115 indidit
842 2049 936 2133 Irim3

176 2135 229 2202 Sic
252 2142 284 2202 et
305 2138 450 2220 amicicie
473 2142 605 2202 cantum
628 2160 702 2203 cum
725 2160 781 2203 cor
803 2139 1003 2224 modulatur,

176 2226 221 2291 Et
243 2227 338 2292 viridi
360 2227 490 2292 frondet
513 2228 663 2312 claroque
686 2228 870 2311 resplendet
893 2249 1016 2313 amore,

120 2336 161 2377 505
176 2315 366 2402 Omuigenis
389 2317 469 2382 illud
493 2313 644 2381 Christus
666 2316 843 2381 virtutibus
866 2316 996 2401 implet,

175 2405 281 2483 Quare
304 2428 399 2471 nemo
423 2407 527 2492 agitet
549 2405 684 2471 fratrem
707 2405 775 2470 zelo
798 2405 862 2471 nisi
884 2405 986 2487 iusto,

175 2494 245 2572 Quo
269 2495 401 2579 Moyses
425 2517 538 2560 aurum
562 2491 799 2580 venerantesll,
823 2515 886 2578 quo
910 2493 1058 2558 Baalitas

175 2581 393 2670 Tehbsites⁴)‚
417 2582 599 2668 Danielque
621 2583 712 2649 vafer
734 2581 807 2648 Beli
829 2579 1064 2667 famulantes.⁵)

172 2670 339 2736 Virtutem
363 2673 448 2738 hanc
471 2695 598 2757 semper
621 2672 676 2757 qui
698 2673 797 2738 vultis
820 2672 949 2757 habere,
972 2671 1115 2736 dicatum

119 2779 159 2820 510
174 2757 305 2825 Christo
329 2761 500 2825 basilicum
523 2782 657 2846 persepe
681 2761 800 2844 petatis
825 2762 965 2844 asylum,

172 2847 219 2913 Et
242 2849 383 2913 lacrimis
408 2848 537 2914 abolete
560 2850 662 2917 nefas.
707 2848 783 2914 Fuit
806 2849 884 2914 utile
907 2849 978 2934 regi

172 2937 236 3002 Pro
260 2938 329 3001 vita
351 2936 488 3002 tinxisse
512 2935 659 3023 genas⁶);
682 2938 760 3003 deus
785 2943 904 3003 annuet
929 2943 961 3002 et
984 2959 1070 3004 nune

242 3171 295 3221 483
323 3163 449 3233 sequitur
475 3179 569 3220 versus
596 3164 627 3218 in
654 3165 763 3220 codice:
791 3165 818 3219 A
842 3172 867 3220 tc
896 3167 1022 3221 virtatem
1049 3167 1190 3241 celumque

171 3239 314 3293 oscendere
331 3241 432 3306 tempta
449 3234 583 3290 videlicet
601 3235 806 3305 dittographia,
826 3253 914 3304 eoque
934 3237 1017 3292 omisi
1080 3243 1142 3294 498.
1163 3256 1188 3296 c.

171 3311 202 3364 in
219 3314 310 3380 pentes
382 3324 405 3362 0.
424 3308 599 3362 cocodriiiam
672 3313 723 3361 502
743 3309 848 3364 indidit
867 3307 953 3379 Irim]
972 3313 984 3362 t
1002 3310 1029 3364 ir
1047 3309 1077 3363 in
1095 3325 1149 3364 ras.

243 3506 268 3572 1)
279 3503 403 3558 Iuvenal.
414 3501 461 3572 VI,
472 3508 522 3557 441
533 3519 572 3572 sq.
617 3504 645 3572 2)
657 3501 690 3557 ef.
703 3501 801 3573 Georg.
812 3503 846 3570 11,
856 3508 909 3556 214
918 3521 958 3571 sq.
1003 3506 1030 3571 3)
1043 3471 1185 3560 Exedit.

170 3576 320 3644 001003.
343 3578 445 3644 1s,40.
541 3575 568 3642 5)
588 3574 656 3628 Dan.
678 3578 719 3640 14,
738 3577 835 3628 4-00.
926 3575 1181 3643 nenegant
