2570 4044
146 225 172 279 X
546 208 761 265 Parumne.

143 395 224 458 quos
244 373 363 439 eiectos
382 372 445 437 hue
466 374 539 438 dira
558 370 739 438 Sicambria
758 372 846 438 mitti
867 370 888 455 ²,
906 370 1022 455 patriis
1040 371 1163 436 finibus

143 463 264 528 extorri
298 461 515 546 Francogello
553 461 680 527 cuidam
717 461 768 526 vel
807 457 1064 546 Burgundioni¹)
1098 459 1163 525 dici

142 553 319 635 potuerunt
351 551 477 634 patriae
511 550 668 634 pristinae
699 550 792 616 irato.
848 547 972 625 Quibus
1010 549 1164 614 convenit

143 640 229 724 quod
257 639 427 704 Amarcius
456 638 604 723 pluribus
632 639 712 705 locis
742 638 789 703 ita
817 638 961 721 loquitur
989 640 1026 701 ut
1053 637 1163 720 priore

143 731 289 812 tempore
308 726 442 792 divitem
461 749 534 792 eum
555 731 651 812 atque
672 728 862 810 opulentum
885 726 985 790 fuisse
1009 725 1162 806 conicias,

144 817 230 901 quod
257 817 324 881 iarn
351 815 517 901 Biidingcr
546 813 713 902 monuit.²)
762 815 935 880 Amarcius
964 814 1050 879 enim
1078 815 1163 898 peri·

143 906 290 970 tissimus
328 909 378 970 est
415 927 541 970 morum
578 904 762 970 nobilitatis
798 904 929 988 eiusque
961 902 1095 988 negotia
1129 908 1164 969 et

144 993 268 1060 ludicra
291 997 439 1059 accurate
464 993 617 1059 describit
640 997 674 1058 et
697 992 832 1058 divitum
856 992 1078 1076 nobiliumque
1102 991 1164 1058 ho-

143 1083 267 1147 minum
296 1083 407 1166 epulas
436 1085 533 1166 atque
561 1081 711 1148 convivia
739 1081 895 1166 depingit
941 1080 1014 1146 Huc
1038 1081 1165 1146 accedit

145 1171 230 1255 quod
255 1170 361 1254 inopis
386 1169 581 1236 conditionis
605 1169 753 1235 homines
777 1169 928 1235 bortatur
958 1173 995 1234 ut
1017 1170 1164 1234 contenti

145 1260 212 1324 sint
232 1279 372 1342 paupere
391 1279 488 1324 censu
507 1259 642 1343 locoque
660 1259 777 1323 humili
796 1279 876 1324 neve
895 1258 1022 1323 maiora
1039 1261 1163 1342 petant.

146 1346 236 1422 Quae
260 1369 332 1412 cum
352 1347 401 1412 ita
420 1347 488 1412 sint
506 1346 694 1412 Amarcium
713 1347 820 1430 patria
839 1346 1009 1430 expulsum
1027 1347 1062 1412 in
1081 1343 1163 1411 Ger-

145 1435 289 1500 maniam
313 1436 440 1501 venisse
463 1437 694 1501 contendimus.
736 1434 814 1500 Veri
836 1435 942 1500 simile
962 1439 1012 1500 est
1030 1439 1162 1519 poetam

144 1524 178 1588 in
199 1525 306 1608 patria
325 1525 574 1590 fortunatiorem
593 1524 693 1590 fuisse
712 1544 810 1607 quam
828 1525 862 1588 in
880 1524 1061 1608 peregrinis
1080 1525 1162 1589 loeis

145 1634 280 1698 eamque
300 1614 342 1679 ob
360 1635 429 1679 rem
443 1614 551 1679 nescio
572 1636 613 1679 an
629 1617 757 1680 saturas
772 1635 847 1678 suas
862 1613 1035 1697 scripserit
1071 1612 1162 1689 Quae

145 1702 174 1768 si
198 1703 373 1768 contuleris
397 1702 505 1768 verbis
528 1724 611 1787 quae
635 1703 733 1786 Hugc
758 1702 796 1767 de
820 1701 991 1786 Trimberg
1018 1702 1098 1767 facit
1122 1701 1162 1767 de

142 1790 310 1874 Amarci0,
338 1795 469 1874 poetam
498 1814 515 1857 e
543 1796 641 1876 gente
670 1791 808 1875 quadam
836 1789 985 1855 Romana
1011 1791 1046 1854 in
1073 1811 1161 1876 pago

145 1877 279 1961 Turguu
303 1877 368 1962 (vel
391 1877 635 1966 Franoogallia)
659 1882 772 1944 natum
797 1899 866 1944 esse
890 1878 1087 1944 adfirmabis.

210 1965 301 2031 Mille
321 1967 471 2032 carminis
495 1967 560 2033 loci
580 1967 767 2033 Amareium
791 1968 896 2033 virum
919 1967 1039 2033 laicum
1061 1967 1163 2033 fuisse
1282 2009 1283 2026 r

142 2057 274 2140 negant,
297 2056 552 2122 ecclesiasticum
574 2056 766 2141 adprobant
808 2055 870 2133 Qui
893 2077 966 2121 cunr
990 2056 1163 2122 clericatus

143 2146 220 2208 tunc
252 2145 410 2227 temporis
443 2145 524 2210 vitia
554 2149 587 2210 et
617 2146 763 2211 maculas
796 2145 955 2210 violenter
983 2145 1162 2230 acerbeque
1278 2197 1284 2219 ,

144 2251 317 2316 aggressus
346 2233 402 2312 sit,
430 2233 481 2298 illi
508 2234 613 2298 ordini
637 2234 819 2318 adscriptus
843 2255 910 2299 non
933 2238 1012 2300 erat.
1059 2231 1162 2299 Cuius
1283 2235 1284 2264 ¹

144 2320 265 2385 ordinis
289 2321 396 2406 fuerit,
420 2343 437 2385 e
461 2323 567 2387 verbis
582 2321 643 2402 111,
659 2319 813 2409 739eq.³)
836 2323 951 2406 positis
971 2321 1066 2389 facile
1085 2344 1162 2388 con-

144 2408 232 2475 oludi
259 2413 379 2495 potest.
425 2409 527 2476 Poeta
554 2412 601 2476 ibi
624 2411 792 2479 monachis
815 2411 988 2477 conviciari
1012 2432 1082 2476 sese
1106 2410 1164 2476 de·

143 2519 213 2564 cere
237 2503 347 2584 negat,
370 2522 468 2584 quam
492 2500 626 2566 obrem
651 2499 839 2566 Amarcium
862 2501 1060 2566 monasticae
1084 2521 1160 2566 con-

143 2585 273 2655 ditionis
296 2589 402 2654 virum
426 2589 526 2654 fuisse
551 2593 694 2674 apparat.

230 2675 292 2740 His
322 2677 369 2741 ita
401 2677 568 2762 dispositis
602 2682 634 2743 et
667 2677 784 2763 quibus
812 2676 984 2742 Amareius
1016 2678 1160 2762 negotiis

141 2764 313 2846 praecipue
347 2769 520 2848 occupatus
553 2765 665 2851 fuerit,
697 2787 715 2830 e
745 2765 858 2830 multis
891 2765 1043 2831 carminis
1076 2766 1159 2831 locis

144 2851 224 2915 satis
239 2850 352 2916 elucet.
376 2853 625 2919 Animadvertus
641 2875 776 2939 mecum,
790 2875 921 2938 quaeso,
935 2876 1045 2920 versus
1054 2853 1097 2938 II,
1104 2855 1160 2920 48.

143 2993 356 3004 -———

211 3079 238 3147 1)
266 3077 308 3134 Eo
332 3082 458 3149 tempore
476 3079 641 3150 Burgundia
658 3096 715 3136 non
735 3081 854 3151 amplius
875 3082 971 3137 decem
991 3081 1159 3137 undecimve

142 3166 228 3204 annos
256 3167 320 3204 cum
348 3150 502 3206 Teutonico
529 3167 616 3222 regno
646 3152 795 3208 semuncta
822 3156 883 3208 crat
910 3154 996 3221 atque
1023 3154 1055 3208 ut
1078 3156 1163 3208 erant

141 3220 355 3290 Burgundiones
378 3221 484 3277 maiore
509 3239 543 3277 ex
565 3224 646 3292 parte
664 3223 808 3280 Romanae
832 3222 960 3294 originis,
984 3226 1052 3279 tunc
1071 3241 1106 3278 ex
1125 3239 1161 3278 ea
1280 3225 1281 3294 J

139 3292 254 3348 natione
281 3291 342 3348 nati
369 3290 440 3348 hant
467 3307 614 3363 perperam
642 3294 755 3349 eosdem
782 3296 867 3365 atque
894 3293 1094 3365 Francogalloe
1130 3311 1162 3351 se

140 3377 199 3419 esse
228 3363 322 3420 dicere
348 3364 509 3435 potuerunt.
622 3367 650 3435 2)
678 3364 803 3422 Aelteste
831 3365 987 3421 Denlrmale
1015 3383 1043 3436 p.
1073 3371 1162 3436 19sq.

140 3436 168 3504 3)
285 3435 440 3490 Monachus
459 3451 476 3490 a
493 3435 604 3504 pompis
623 3436 772 3490 mundanis
792 3439 891 3508 sponte
910 3435 1041 3504 recessim

282 3506 438 3632 ppriurgarc
457 3505 539 3560 illurn
557 3522 614 3560 aon
631 3509 748 3562 maltam
761 3510 883 3577 partinet
900 3510 938 3562 ad
956 3525 997 3562 me

313 3595 341 3633 cc
359 3593 450 3646 cupro.
