2570 4044
527 201 637 256 LIBER
656 201 676 256 Ι.
1066 204 1108 268 15

88 362 220 444 Rumpe
232 384 369 446 moram,
378 361 455 447 quid
465 366 541 448 stas,
552 363 628 447 quid
639 361 794 447 hiantem,
806 365 955 451 pessime,
969 366 1108 431 vexas?“

92 451 183 516 Dicit
206 454 240 515 et
264 451 401 516 adducto
424 452 610 536 procumbit
633 474 768 517 cernuus
793 475 896 538 armo,
1121 473 1162 512 390

88 539 253 624 Perpetuo
277 541 447 624 opperiens
471 540 528 605 leti
551 540 737 606 discrimina
759 543 883 608 morbo.

89 627 178 693 Nam
202 629 292 693 cibus
314 628 495 694 inmodicus
520 628 599 694 facit
621 633 769 714 egrotare
793 630 957 715 gulosum,
1003 665 1005 669 ·

88 715 178 780 Dum
201 721 329 782 certant
352 717 437 782 elixa
461 715 589 801 assis¹)‚
612 722 783 783 mansueta
805 719 925 784 ferinis.

87 805 151 870 Isti
174 803 329 890 cyaneo²)
352 807 507 891 purganti
531 806 661 870 flumine
684 807 810 890 palmas

90 894 191 958 Astat
212 895 326 959 devote
349 894 465 959 villoso
489 915 633 978 gausape
656 893 823 979 1111113),

87 981 175 1046 Dein
196 982 320 1048 nitidus
344 983 447 1048 malas
471 983 627 1048 distendit
649 985 744 1068 panis
768 984 889 1049 edaces.

88 1071 183 1135 Tune
206 1071 282 1155 quia
303 1072 451 1155 vulgaris
474 1072 581 1138 ventri
605 1073 715 1137 sordet
737 1073 826 1138 cibus
851 1070 972 1160 albot),

88 1161 261 1244 Aggravat
283 1161 433 1246 ingentes
447 1161 587 1248 patinas
609 1162 806 1245 rombusque
830 1162 997 1246 lupusque.
1005 1159 1030 1250 ⁵)

87 1248 251 1313 Lancibus
274 1249 309 1312 in
332 1249 447 1332 pandis
471 1251 574 1314 cuites
597 1250 786 1334 coolearque
810 1255 969 1336 moratur,

86 1337 198 1402 Aurea
220 1337 368 1402 blandito
391 1342 563 1421 portantur
586 1339 713 1422 cymbia
735 1342 829 1424 potu,

87 1425 171 1490 Onia
194 1426 325 1510 ciphum
349 1426 484 1511 cingunt
506 1427 633 1492 abiecto
658 1428 735 1492 vina
757 1427 909 1511 Falerno,

85 1513 191 1578 Poma
213 1514 396 1580 refutantur
418 1537 498 1601 non,
521 1538 581 1600 que
606 1516 662 1580 dat
684 1516 810 1581 Medica
832 1517 938 1581 tellus.

86 1601 173 1678 Quid
196 1603 312 1687 loquar
335 1609 480 1669 astantes
503 1605 579 1670 ficta
603 1604 757 1670 ditescere
781 1605 876 1670 laude

85 1690 263 1776 Mimos⁶)?
286 1691 321 1757 hi
345 1692 482 1758 dominis
506 1696 580 1772 astu
603 1715 660 1778 per
683 1694 783 1758 verba
805 1693 915 1758 iocosa

84 1779 234 1844 Plurima
258 1779 437 1865 surripiunt
460 1782 557 1846 etiam
582 1782 745 1864 scalpente
769 1782 881 1846 datore

86 1867 249 1953 Sinciput3
273 1870 430 1935 exhausto
455 1870 610 1935 decrescit
633 1871 727 1954 copia
750 1892 858 1936 cornu.

85 1957 233 2021 Alterius
257 1958 373 2023 molles
396 1960 566 2043 perturbat
586 1958 768 2025 harundine
790 1958 901 2023 Erinis

85 2045 262 2110 Auriculas
283 2047 416 2132 resona,
439 2049 529 2113 tenui
551 2049 642 2114 volet
664 2047 724 2114 illa
747 2070 878 2114 susurro

84 2134 301 2219 Diffinditque
325 2136 389 2202 cito
414 2137 581 2201 cerebrum
605 2137 703 2201 vitale
726 2138 837 2202 volatu

85 2223 184 2288 Ocior
208 2245 244 2288 ac
267 2225 362 2309 tigris
385 2225 507 2309 rapidis
533 2225 658 2310 agitata
682 2226 831 2310 molosis3

82 2311 154 2376 Nec
177 2314 246 2376 tam
268 2314 392 2396 pernici
414 2319 588 2399 quassatur
611 2313 762 2379 machina
784 2315 891 2379 choro.

83 2399 168 2464 Tum
192 2422 262 2465 sese
285 2402 320 2464 in
343 2403 467 2485 sponda
490 2407 587 2468 vovet
610 2407 646 2466 ut
670 2403 791 2467 lasciva
813 2399 954 2487 puella⁷)

156 2650 208 2700 390
227 2663 249 2701 c.
269 2649 378 2702 cuatus
484 2652 537 2702 894
559 2647 607 2702 isti
626 2647 656 2700 in
674 2661 728 2701 ras.
836 2651 887 2700 397
912 2647 979 2716 quic
996 2645 1026 2701 in
1045 2663 1098 2702 ras.

83 2716 151 2787 412]
170 2717 245 2772 inter
263 2723 314 2772 412
334 2720 363 2773 et
381 2724 434 2772 413
453 2717 554 2773 11111111
572 2716 713 2773 indicatur
730 2717 882 2772 intervallo
904 2717 986 2772 unius
1004 2733 1100 2773 versus

81 2786 240 2843 interiecto.
282 2806 390 2844 versum
419 2795 471 2844 413
499 2791 553 2845 hoc
580 2789 642 2844 loco
670 2789 789 2843 nothum
817 2791 887 2858 puto
915 2788 982 2857 quia
1008 2803 1099 2857 neque

83 2856 314 2982 arrtteeetdentibus
328 2876 419 2929 nequa
439 2861 621 2930 sequentibus
641 2859 779 2929 contenit,
798 2860 918 2915 fortasse
936 2859 1099 2916 inserendus

82 2945 112 2982 es
145 2928 373 2986 incresceret

156 3073 182 3139 1)
201 3071 268 3128 Hor.
285 3073 342 3128 Sat.
356 3072 390 3140 ΙΙ,
405 3077 430 3141 8,
447 3079 479 3128 73
490 3089 531 3142 sq.
582 3076 610 3144 2)
624 3073 707 3128 Prud.
722 3073 823 3142 Psych.
839 3077 890 3128 818
901 3090 941 3141 sq.
990 3075 1017 3143 3)
1031 3074 1098 3129 Hor.

82 3141 141 3195 Sat.
155 3141 191 3210 11,
205 3147 230 3211 8,
246 3148 330 3212 rosq.
369 3158 372 3162 ’
398 3147 425 3208 4)
445 3143 519 3198 Pers.
540 3145 598 3199 Sat.
613 3144 661 3212 111,
677 3149 720 3200 98.
740 3143 774 3199 cf.
794 3144 952 3213 Eupolemii
972 3143 1000 3199 Ο.
1020 3142 1097 3213 (Ood.

79 3213 179 3267 Dresd.
198 3214 239 3268 Dc
260 3214 395 3268 1711111.
416 3211 480 3281 24b)
500 3214 520 3282 1,
540 3219 591 3269 519
614 3216 796 3284 ventremque
815 3214 973 3284 ingurgitat
991 3215 1094 3269 album.

81 3288 108 3352 ὅ)
127 3283 196 3339 Hor.
216 3285 274 3340 Sat.
293 3284 327 3352 11,
346 3292 371 3354 2,
387 3290 428 3341 98.
448 3291 491 3340 81,
515 3285 550 3340 cf.
569 3285 729 3355 Eupolemii
748 3285 777 3341 (1,
796 3284 815 3340 1.
835 3286 852 3342 1.
872 3286 893 3354 Ι,
912 3290 965 3339 474
983 3284 1097 3339 rombus

80 3371 212 3424 capream
229 3357 313 3425 lupus
333 3374 436 3410 ursum.
527 3358 553 3424 6)
573 3357 607 3411 cf.
626 3356 749 3411 Anselm.
769 3359 852 3426 gesta
870 3372 933 3438 epp.
953 3355 1097 3410 Leodiens.

80 3442 103 3481 c,
129 3431 164 3480 84
187 3425 272 3495 (Mon.
297 3425 388 3483 Germ.
413 3426 460 3482 SS.
484 3426 549 3494 VII,
574 3429 637 3496 208)
660 3428 835 3497 praesulum,
863 3445 910 3495 qur
935 3465 968 3479 ..
996 3425 1097 3481 mimos

80 3499 263 3566 caeterosque
281 3497 423 3567 palatinos
442 3513 524 3553 canes
545 3498 634 3553 ditare
654 3497 834 3553 contendunt.
919 3499 945 3565 7)
965 3495 1014 3550 Ov.
1033 3497 1095 3550 Am.

77 3569 252 3638 1111111.
