2570 4044
178 217 244 272 xvp
578 201 793 258 PRAEFATIO.

179 367 338 449 Lucanus,
361 362 495 448 Statius,
520 362 734 450 Sallustius.¹)
772 364 859 441 Quos
878 368 993 447 poetas
1012 367 1198 433 nominavit

182 475 294 520 omnes
314 455 438 538 expilat
454 452 622 519 Amareius
642 453 784 537 exceptis
800 450 895 518 Gallo
909 451 1059 519 Aratore.
1092 455 1199 522 Pluri-

180 565 252 608 mus
277 547 386 608 autem
408 542 546 626 pendere
571 542 698 608 videtur
725 563 764 606 ex
787 540 946 608 Eufronio
975 543 1114 625 quodam
1140 545 1201 631 111,

180 631 256 698 572.
291 630 350 715 IV,
387 632 403 696 1
441 630 619 697 nominato.
673 629 784 695 Verba
820 633 937 715 poetes
973 629 1037 715 ΙΠ,
1069 631 1200 720 571sq.

181 721 290 805 posits
317 721 365 785 ita
391 718 635 805 interpretanda
663 740 734 784 esse
760 720 841 804 puto
867 723 904 783 ut
927 718 1116 785 Amarcium
1141 727 1201 788 eut

181 809 373 893 discipulum
401 807 552 874 Eufronii
585 807 711 873 scholas
739 807 964 891 frequentasse
993 813 1050 873 aut
1078 809 1200 876 librum

182 898 222 963 ab
250 896 408 964 Eufronio
438 897 476 962 de
509 897 612 980 proba
641 896 845 961 sacerdotum
875 895 945 961 vita
977 897 1200 982 conscriptum

181 987 215 1050 in
244 987 394 1052 menibus
423 985 576 1050 habuisse
605 985 697 1068 eique
729 987 903 1069 praecepta
931 984 996 1069 ΙΠ,
1019 985 1198 1053 574-967

180 1075 309 1159 prolate
336 1075 452 1141 debere
480 1072 681 1138 contendam.
733 1073 823 1150 Quae
851 1073 961 1139 nescio
993 1096 1035 1138 an
1067 1077 1200 1142 coniun-

184 1164 291 1249 genda
314 1165 390 1247 sint,
411 1162 461 1227 ita
483 1165 521 1225 ut
542 1162 731 1227 Amarcium
755 1165 788 1226 et
806 1160 1003 1228 Eufronium
1027 1163 1200 1230 docentem

183 1251 312 1316 audisse
336 1255 369 1315 et
392 1251 461 1315 eius
484 1249 604 1315 librum
626 1250 822 1334 excerpsisse
842 1254 1032 1317 statuemus.
1070 1251 1201 1320 Nomen

181 1339 331 1405 Eufronii
370 1338 613 1424 cognominibus
646 1338 834 1404 Piosistrati
862 1339 1055 1423 Theopystii
1089 1343 1199 1426 aequi·

183 1426 361 1512 perandum
371 1449 441 1493 esse
455 1430 545 1512 puto,
552 1426 747 1492 Germanice
762 1428 848 1491 enim
858 1429 907 1492 ve¹
926 1426 1052 1493 Gallica
1066 1450 1138 1495 esse
1153 1431 1199 1496 vi·

182 1517 298 1581 dentur
311 1518 348 1582 in
361 1515 520 1582 Graecam
534 1516 678 1602 linguam
692 1516 861 1581 translata.
891 1515 1075 1602 hergilium
1085 1518 1200 1584 Amar-

183 1606 251 1670 cius
265 1627 331 1672 non
346 1607 460 1672 citavit
475 1626 671 1690 quamquam
687 1626 725 1670 ex
738 1605 796 1670 illo
810 1606 973 1689 permulta
987 1605 1098 1671 hausit
1116 1629 1199 1691 quse

184 1696 320 1761 carmini
335 1717 393 1761 suo
405 1717 495 1760 more
509 1694 608 1760 medii
623 1695 694 1760 aevi
709 1697 879 1778 poetarum
892 1694 1037 1760 inseruit.
1063 1693 1199 1780 Saepius

185 1787 293 1848 autem
317 1784 416 1849 verba
439 1784 545 1848 nostri
568 1782 680 1848 eedem
704 1783 848 1847 referunt
870 1803 951 1868 quae
970 1784 1146 1850 Anselmus
1166 1787 1201 1850 in

184 1872 286 1958 gestis
311 1871 536 1956 episcoporum
554 1871 783 1936 Leodiensium
806 1871 902 1937 nobis
925 1871 1065 1956 reliquit.
1101 1871 1200 1939 Cuius

184 1964 278 2046 gesta
311 1956 416 2046 (Mon.
451 1958 556 2024 Germ.
590 1958 668 2023 hist.
699 1958 778 2044 VII,
812 1960 873 2025 191
887 1958 975 2046 sqq.)
1013 1983 1086 2027 cum
1122 1967 1201 2047 post

185 2069 304 2113 annum
330 2047 415 2113 1048
445 2048 568 2133 scripta
595 2047 663 2112 sint
692 2051 725 2112 et
748 2045 918 2114 Amarcius
947 2069 1078 2114 carmen
1107 2071 1201 2116 suum

184 2137 271 2202 circa
289 2158 410 2201 annum
432 2136 518 2202 1044
540 2137 712 2220 conposuit
730 2136 801 2201 fieri
824 2159 890 2203 non
913 2141 1022 2221 potest
1044 2143 1080 2203 ut
1103 2145 1202 2224 poeta

187 2224 376 2290 Anselmum
405 2225 583 2310 inspexerit
613 2225 669 2288 sed
696 2225 789 2292 illum
814 2247 852 2290 ex
875 2225 1027 2292 Amareio
1050 2227 1200 2293 hausisse

186 2318 275 2396 puto.
297 2351 336 2361 -
356 2314 529 2380 Praeterea
549 2313 696 2398 pluribus
720 2314 801 2379 locis
825 2315 1003 2381 similitudo
1027 2316 1202 2382 intercedit

185 2404 273 2469 inter
295 2404 485 2469 Amarcium
508 2407 541 2468 et
562 2401 791 2486 Eupolemium
816 2406 948 2487 poetam
971 2403 1076 2470 adhuc
1098 2427 1201 2490 paene

185 2493 344 2579 ignotum.
387 2491 486 2558 Cuius
510 2513 591 2578 opus
616 2492 651 2557 in
674 2491 741 2558 cod.
764 2491 1201 2560 DresdcnsiDc.171⁸fol.

185 2721 305 2774 tumetis
325 2721 472 2790 apponunt
488 2720 567 2789 regia
584 2720 658 2775 vasis
675 2723 679 2788 1
696 2718 840 2775 Fercula.“
876 2719 975 2787 Neque
999 2719 1069 2776 alies
1091 2734 1201 2789 semper

185 2804 250 2845 vere
274 2791 459 2847 orthodoxum
485 2807 515 2846 se
538 2790 656 2860 praebet
678 2791 775 2860 poeta3
800 2793 883 2858 rogat
906 2789 981 2844 enim
1004 2790 1056 2856 ΙΙΙ,
1077 2795 1129 2845 718
1153 2807 1203 2845 cur

189 2876 239 2916 sua
257 2863 351 2916 aetate
370 2861 507 2917 miracula
524 2878 580 2917 uon
598 2861 655 2916 iam
673 2861 749 2929 fiant,
769 2877 834 2916 cum
851 2862 882 2915 in
900 2862 1061 2916 sanctorum
1077 2861 1202 2916 virorum

186 2931 419 2987 translationibus
441 2931 579 2986 miracula
602 2930 671 2986 satis
695 2947 831 3002 superque
857 2932 918 2987 fieri
945 2932 1106 2987 sacerdotes
1134 2933 1202 2986 tunc

186 3003 320 3070 temporis
339 3002 475 3072 populum
490 3001 632 3058 docerent.
690 3005 716 3072 1)
735 3001 900 3057 Sallustium
920 3001 994 3057 enim
1013 3002 1201 3079 supplendum

186 3089 247 3129 esse
274 3075 345 3143 puto
371 3073 407 3128 ad
434 3090 545 3130 versum
572 3071 619 3142 IV,
643 3079 695 3129 479
723 3072 778 3142 „Et
804 3073 888 3128 Marii
914 3073 1037 3128 referens
1067 3071 1202 3128 virtutem

187 3145 335 3212 astumque
346 3145 507 3218 1113114119.ιι
530 3145 679 3200 Praeterea
688 3144 867 3200 nominantur
878 3144 914 3200 ab
923 3143 1055 3200 Amarcio
1065 3144 1203 3200 Homerus

187 3216 218 3283 (Ι,
239 3220 299 3271 187.
321 3214 370 3283 ΙΙΙ,
390 3217 460 3284 791),
482 3216 552 3271 Cous
572 3215 692 3286 scriptor
710 3215 767 3283 (Ill,
788 3218 859 3286 791),
882 3215 1057 3285 Pythagoras
1077 3215 1108 3284 (1,
1128 3217 1202 3284 442),

187 3286 268 3342 Plato
297 3284 355 3357 (Ill,
380 3289 452 3354 242),
478 3287 678 3342 Demosthenes
706 3286 738 3357 (Ι,
762 3289 838 3357 221),
866 3286 1050 3411 Hippocrates
1079 3284 1124 3409 (ΙΙ,
1149 3289 1202 3355 75),

186 3358 312 3428 Aesopus
335 3355 393 3428 (ΙΠ,
412 3358 489 3427 527),
513 3357 737 3427 Themistius(?)
761 3358 793 3428 (Ι,
813 3359 888 3425 221),
937 3374 1018 3412 nnius
1041 3355 1078 3427 (Il
1100 3397 1106 3424 ,
1133 3359 1201 3426 792),

188 3429 327 3485 Saliorum
346 3444 458 3484 carmen
473 3428 530 3498 (IV,
549 3431 602 3498 56),
621 3429 756 3485 Boethius
777 3428 835 3498 (ΠΙ,
855 3429 926 3497 110).
962 3427 1140 3482 Verisimile
1160 3431 1202 3483 est

187 3499 349 3555 Amarcium
358 3515 429 3569 quae
440 3499 475 3554 de
485 3499 560 3555 bello
570 3499 669 3555 Troico
680 3500 771 3555 adfert
785 3516 818 3554 ex
832 3499 919 3554 Iliade
933 3498 1024 3554 latina
1037 3498 1200 3567 sumpsisse,

187 3585 258 3640 quae
277 3573 344 3626 tunc
361 3569 497 3640 temporis
515 3569 682 3641 pervulgata
700 3571 761 3625 luit.
