2600 4044
488 178 595 232 LIBER
612 178 659 232 111.
1041 177 1080 242 ll

66 344 180 408 Plures
204 341 377 406 eveherent
399 340 441 405 ad
462 361 564 425 regna
586 341 754 424 perennia3
777 363 917 426 namque
1096 357 1135 396 ⁹2⁵

67 433 229 516 Exemplo
253 430 369 494 melius
393 452 491 514 quam
513 431 613 495 verbo
638 430 775 514 quisque
799 430 938 496 docetur.

66 522 157 605 Ergo
180 520 372 602 femineum,
394 518 558 603 doctores,
581 520 725 603 spernite
748 540 891 583 amorem

67 609 248 674 Volventes
272 609 382 673 animo
405 609 504 672 vestri
528 608 666 673 sublime
689 629 843 672 cacumen

44 698 164 780 ·Iuris;
189 720 252 782 que
276 696 381 762 maior
404 697 493 761 valet
514 717 585 761 esse
609 697 768 780 potentia,
792 717 888 780 qnam
912 696 999 779 quod

66 785 201 852 Solvitis
225 786 369 851 evinctas
391 787 560 870 culparum
583 785 735 869 compede
759 784 908 850 mentes?

66 875 135 941 Vos
159 896 287 959 quoque
309 874 449 938 fabellas
473 875 668 939 contemnite
691 896 824 958 prorsus
848 874 950 938 aniles
959 872 1001 959 ¹),

67 964 195 1029 Parcite
218 986 304 1030 vana
326 963 431 1046 loqui,
452 963 555 1028 nolite
579 964 738 1028 lacescere
762 985 958 1048 quemquam

67 1052 186 1118 Verbis
210 1056 267 1117 aut
288 1053 365 1118 risu.
412 1050 490 1136 Gur,
513 1052 541 1116 si
564 1054 651 1116 malo
675 1073 745 1117 esse
768 1053 904 1136 lerator,

66 1141 230 1206 Presbiter
254 1141 421 1224 appeller?
467 1139 529 1204 Vel
552 1163 609 1206 cur
632 1142 704 1225 quis
727 1141 917 1225 religiosum

65 1230 118 1295 Me
142 1231 242 1314 dieat,
266 1251 411 1294 scurram
433 1250 530 1313 quem
555 1231 716 1313 conspicit
739 1251 809 1294 esse
833 1230 1023 1314 loquacem?

65 1320 219 1384 Preterea
242 1322 375 1403 argutas
398 1319 527 1403 penitus
550 1318 652 1382 vitate
675 1319 844 1402 tabernas,

67 1407 100 1473 si
124 1407 254 1491 sapitis,
276 1428 381 1492 neque
403 1429 462 1471 vos
486 1411 621 1471 cornuto
645 1408 765 1472 credite
788 1407 908 1473 Baeh0.

65 1496 146 1571 Quis
170 1518 248 1562 sane
272 1496 391 1561 mentia
416 1495 558 1561 denudat
580 1495 717 1561 crimina
741 1496 847 1579 vobis,

64 1584 207 1650 Vinosos
232 1606 313 1669 quos
337 1607 411 1669 sepe
434 1585 545 1649 videt?
590 1584 708 1650 Pocius
730 1583 818 1668 fugit
840 1583 920 1648 illud

65 1672 226 1757 Peneum,
249 1673 334 1758 quod
357 1674 432 1738 vino
457 1673 617 1738 stimulati
640 1677 754 1738 cuncta
776 1669 988 1761 resignant.²)

65 1762 212 1847 Regibus
235 1767 268 1826 et
291 1762 430 1827 dominis
454 1762 574 1827 servite
598 1765 632 1826 et
655 1763 684 1826 si
705 1761 837 1847 reprobi
861 1765 949 1845 sunt,

64 1850 150 1917 Sunt
172 1851 292 1916 etenim
314 1851 407 1916 vobis
432 1873 451 1914 a
474 1872 601 1916 summo
624 1872 700 1936 rege
724 1851 854 1934 statuti,

64 1939 113 2005 Ut
136 1940 316 2024 reprimant
338 1960 460 2004 nocuos
484 1945 517 2004 et
539 1940 702 2004 honorent
724 1961 762 2004 ac
785 1943 938 2004 tueantur

65 2028 174 2094 Mites.
219 2027 301 2113 Sepe
323 2029 419 2094 bonis
441 2049 581 2112 nequam
605 2051 661 2093 rex
683 2029 837 2113 imperat,
861 2034 898 2093 ut
922 2026 1013 2113 Saul,

66 2115 135 2183 Sub
159 2139 223 2201 quo
247 2117 352 2182 sancti
373 2117 523 2182 homines
548 2116 703 2183 Samuhel
726 2117 895 2202 Davidque
918 2118 1018 2184 fuere.

64 2203 149 2289 Sepe
172 2207 275 2271 bonos
298 2207 467 2291 legemque
490 2207 598 2271 melus
621 2210 760 2292 tutatur,
782 2211 820 2271 ut
841 2206 928 2271 idem

63 2294 182 2360 Iudeoa
205 2295 294 2359 rabie
318 2294 463 2360 defendit
486 2295 527 2360 ab
550 2295 802 2379 Allophilorum.

64 2383 212 2468 Denique
237 2404 299 2468 que
321 2404 436 2470 regum
459 2386 550 2469 sunt,
571 2382 695 2447 reddite
716 2385 849 2468 regibus
873 2387 906 2447 et
930 2405 991 2467 quq

64 2470 149 2536 Sunt
172 2473 296 2537 domini
319 2473 465 2557 domino,
486 2473 573 2557 regis
595 2472 749 2536 reddatur
771 2493 892 2557 ymago

63 2560 162 2645 Regi,
186 2562 240 2626 sed
264 2562 395 2627 domino
420 2561 543 2626 domini
565 2561 718 2625 reddatur
741 2557 891 2645 imago.⁸)

63 2649 199 2714 Iusticia
222 2653 320 2735 atque
341 2651 421 2715 fides
446 2653 522 2715 sunt
544 2648 745 2715 restituenda
768 2649 912 2732 tonanti,

61 2738 208 2822 Regibus
231 2739 363 2822 inpendi
387 2739 505 2804 debent
527 2739 710 2804 reverentia
734 2759 902 2821 emorque,

63 2825 183 2892 Nullus
206 2849 347 2912 namque
370 2827 430 2893 deo
453 2827 517 2892 nisi
540 2827 749 2912 permittente
771 2831 887 2911 potens
912 2831 971 2894 est.

137 3060 188 3109 936
208 3072 230 3110 c.
245 3056 368 3125 preteriri
454 3060 506 3110 938
525 3072 548 3112 c.
567 3055 633 3110 Suis
646 3071 712 3110 sane
797 3060 848 3110 939
869 3072 891 3110 c.
910 3056 990 3123 follit
1010 3071 1079 3113 corr.

62 3131 116 3180 949
136 3141 158 3178 c.
178 3140 300 3181 csummo
388 3130 440 3181 946
458 3131 491 3182 ot
508 3127 579 3182 idem
598 3144 650 3183 scr.
668 3125 699 3178 Μ
718 3129 779 3196 (pro
797 3132 830 3182 ut
848 3128 932 3182 antea
950 3131 980 3182 at
997 3128 1078 3196 eras.)

61 3201 206 3252 een-955
231 3196 274 3251 ed.
298 3195 442 3267 Biidinger
459 3197 478 3251 l.
497 3197 516 3254 l.
535 3215 562 3268 p.
584 3203 615 3251 11
640 3216 666 3252 n.
686 3202 720 3251 30
828 3202 879 3252 953
904 3214 928 3252 c.
951 3199 1000 3254 deo
1023 3197 1081 3253 reici

58 3284 148 3338 perm.
167 3269 215 3324 deo
230 3285 260 3338 p.
279 3284 301 3324 e.
321 3282 390 3324 corr.
410 3266 555 3338 Bfidinger
572 3270 591 3323 l.
611 3269 629 3325 l.
648 3286 675 3338 p.
696 3274 728 3322 11

63 3557 99 3606 22
129 3481 163 3606 211)
182 3479 248 3537 Hor.
264 3479 321 3538 Sat
336 3483 369 3550 11,
385 3488 410 3550 6,
425 3486 510 3549 Περ.
566 3483 594 3550 2)
613 3481 679 3538 Hor.
694 3480 745 3552 Ep.
761 3479 781 3550 1,
797 3486 822 3551 7,
838 3484 892 3546 31,
936 3483 964 3552 9)
978 3481 1079 3537 Matth.

102 3593 110 3620 ,
165 3594 171 3605 .
