2600 4044
549 139 747 212 orsenius
1104 159 1146 223 83

129 319 347 401 Purpuream,
369 339 496 382 roseam
519 319 667 402 violeque
691 318 798 384 oolore
821 318 1029 408 nitentem1),

131 405 270 472 Sanctus
292 407 457 490 pretendit
480 407 556 471 fidei
579 429 660 491 qnos
682 430 826 491 purpura
848 410 960 494 restit,

132 495 195 572 Qui
218 495 339 559 mundo
362 495 444 560 viles
467 495 575 561 studio
598 496 746 561 redolent
767 497 912 580 pietatis,
1161 517 1200 557 uo

131 583 318 648 Martirinm
342 583 482 648 subeunt
503 607 564 668 pro
587 583 720 650 Christo
744 585 812 650 sive
834 587 1026 671 propinquo.

131 671 266 736 Talibus
291 693 330 736 ex
353 673 491 756 gemmis
513 677 635 738 norunt
656 674 691 737 in
713 673 808 738 eorde
831 674 990 740 bonorum

131 760 291 825 Edifioare
313 760 393 824 fides
416 764 450 824 et
472 783 565 826 amor
587 762 733 826 durabile
755 764 926 847 templum,

131 848 209 915 Non
233 849 327 933 quale
351 849 494 914 artifices
515 851 636 915 terreni
658 873 818 915 marmore
843 851 958 938 glauco

132 937 352 1021 Oementoque
375 941 518 1021 struunt3
543 939 623 1003 illud
646 939 820 1004 resolubile
843 943 911 1004 inre
935 943 998 1024 est,
1161 960 1200 1000 185

133 1026 228 1102 Quod
250 1048 365 1091 manus
389 1027 520 1092 edificat
541 1026 687 1112 fragilis,
710 1028 766 1092 sed
789 1029 875 1112 quod
899 1029 977 1094 dens
1000 1029 1070 1114 ipse

132 1114 244 1197 Alpha
266 1120 401 1181 vocatus
424 1120 458 1180 et
481 1113 541 1199 co²)
568 1116 723 1199 fabricat,
747 1138 814 1180 non
837 1118 960 1183 corruit
981 1140 1145 1203 umquam.

132 1202 320 1268 Attestante
342 1202 487 1269 Iohanne
510 1204 588 1268 deus
613 1205 742 1286 dileetio
765 1227 842 1271 vera
865 1203 960 1290 esd),

130 1291 177 1356 nt
200 1292 304 1374 scitis,
327 1293 480 1376 quoniam
504 1292 627 1378 absque
650 1294 710 1358 deo
735 1293 881 1358 durabile
903 1295 952 1358 nil
976 1299 1034 1360 est.

131 1380 222 1466 Ergo
246 1381 351 1464 siquid
376 1403 469 1446 amor
491 1383 646 1466 conponit
669 1382 775 1446 cordis
798 1383 833 1446 in
857 1387 965 1469 antro,
1161 1403 1200 1443 ιω

132 1467 309 1554 Oomponit
332 1469 424 1552 deus,
446 1469 500 1534 hio
523 1472 623 1535 etiam
646 1471 833 1536 firmissima
854 1475 950 1555 petra
973 1477 1035 1556 est,

131 1557 237 1641 Supra
261 1579 358 1641 quam
381 1559 526 1641 quisquis
551 1559 680 1641 sapiens
703 1558 889 1624 fundaverit
911 1561 1025 1626 urbem

130 1645 315 1724 Virtutum,
338 1647 462 1731 poterit
484 1668 630 1712 seeuram
654 1647 768 1712 ducere
791 1647 902 1713 vitam.

129 1735 227 1800 Illam
250 1757 317 1800 non
340 1736 423 1800 aries
447 1736 588 1818 validus,
609 1758 678 1801 non
700 1736 829 1801 hostiea
847 1741 986 1821 possunt

131 1822 264 1907 Spicula
289 1824 443 1888 subruere
467 1829 499 1889 et
523 1824 630 1889 ventis
654 1825 734 1889 moti
757 1825 857 1889 maris
880 1828 968 1890 estus
1164 1843 1205 1882 14⁵

130 1911 207 1977 Non
231 1912 400 1977 subvertet
423 1935 508 1998 eam,
531 1911 634 1978 Boree
658 1935 787 1998 quoque
810 1917 881 1979 tuta
904 1914 1036 1979 resist't.

131 2000 194 2076 Qui
219 1998 348 2065 Christo
372 2000 506 2086 dignum
530 2003 656 2067 sincero
679 2007 809 2087 pectore
832 2003 992 2088 templum

130 2089 291 2154 Edifieare
314 2091 416 2173 eupit,
440 2091 550 2154 sordes
575 2091 719 2156 eliminet
742 2113 853 2156 omnes

130 2178 175 2243 Et
198 2200 260 2262 que
283 2182 441 2243 conantur
463 2180 663 2263 pessundare
687 2181 841 2245 seandala
864 2184 1019 2264 mentem,

131 2265 273 2350 Spiritus
297 2266 455 2331 auxilium
479 2289 616 2351 poscens
641 2291 660 2332 a
683 2269 816 2333 numine
840 2290 917 2334 vero
1162 2285 1201 2325 150

129 2355 291 2420 Funditus
315 2356 441 2421 evellat.
487 2355 562 2421 Nisi
585 2359 773 2440 corruptum
797 2359 872 2420 ante
895 2356 1002 2440 pietur

129 2443 213 2527 Van,
235 2444 444 2509 inamareseit
467 2444 552 2529 quod
575 2444 667 2508 dulae
690 2441 919 2529 infunditur⁴);
942 2444 1004 2509 hoo
1030 2449 1080 2509 est

130 2531 176 2597 Ni
199 2533 238 2597 de
263 2533 357 2598 eorde
379 2534 470 2618 prius
494 2533 651 2598 viciorum
674 2555 808 2615 prorsus
832 2537 948 2616 agatur

129 2619 241 2705 Fater,
264 2622 402 2686 virtutes
426 2622 454 2686 si
479 2643 560 2707 quas
583 2621 736 2704 inmittis,
759 2619 953 2707 aoeseunt.⁵)

129 2709 202 2775 Hoo
225 2715 355 2775 sanetus
379 2709 485 2776 David
509 2711 785 2775 manifestavere
808 2710 949 2793 notavit,
1160 2727 1200 2768 1⁵⁵

130 2797 213 2864 Cum
236 2799 342 2882 primo
367 2799 429 2863 sibi
453 2821 508 2864 eor
529 2799 693 2882 mundari,
716 2798 829 2862 deinde
853 2799 982 2883 petivit,

128 2885 176 2952 Ut
199 2887 262 2952 sibi
287 2888 450 2972 spiramen
472 2888 613 2953 faciendi
635 2891 724 2953 reeta
748 2883 921 2972 duratura)

133 3186 139 3198 ¹
201 3119 251 3240 lia
271 3115 380 3186 ducere]
399 3116 437 3170 du
455 3115 485 3169 in
503 3131 557 3169 ras.
578 3131 628 3171 sor.
643 3114 673 3167 M
730 3118 780 3169 146
801 3131 823 3170 o.
842 3115 892 3170 rub
912 3119 994 3170 vertet
1050 3118 1101 3170 154
1121 3131 1143 3171 o.

126 3202 159 3240 an
177 3201 252 3241 meas

201 3383 226 3452 1)
245 3381 316 3437 Plin.
336 3389 379 3450 3⁷,
400 3387 423 3450 a,
445 3386 504 3436 1⁶21.
526 3385 585 3436 123.
671 3381 699 3447 a)
719 3381 805 3449 apoc.
826 3385 870 3450 21,
890 3387 913 3435 e.
1002 3379 1142 3450 a)110h.

177 3457 218 3508 15.
291 3450 884 3521 4)H0r.Sat.11‚7,10⁷;Ep.1,2,54.
957 3451 985 3520 ὅ)
1006 3451 1071 3506 Hor.
1091 3451 1142 3522 Ep.

167 3529 192 3592 a,
213 3527 255 3580 54.
328 3525 355 3590 e)
374 3524 446 3578 Psal.
467 3528 509 3591 so,
530 3528 570 3578 12.

126 3458 153 3521 4,

126 3522 147 3593 Ι,

944 3611 981 3662 6*
