2570 4044
542 173 652 228 LIBER
671 173 691 228 I.
1104 175 1130 238 3.

109 334 274 400 Dimisere
297 339 407 419 patres
430 339 624 401 renovantes
646 337 797 420 passibus
821 335 913 400 illam
1139 354 1165 395 45

112 421 254 489 Crebris.
296 422 462 489 Mendicos
486 425 575 489 victu
598 445 709 489 cassos
733 428 767 488 et
790 426 911 489 amictu

109 512 286 578 Fulcibant
308 518 341 577 et
363 534 429 576 non
452 534 636 578 marcarum
658 513 800 596 pondere
822 512 919 578 fiscos

110 600 285 685 stipabant
307 604 365 666 aut
386 601 472 667 mole
496 601 587 686 gravi
611 602 763 686 granaria
785 601 924 686 frugum.

110 689 168 755 Illi
191 690 290 754 etiam
313 690 428 754 heroas
453 689 572 755 virtute
596 711 717 774 avoque
741 689 897 755 verendos

110 777 315 844 Constituere
340 777 435 843 duces
443 777 481 864 ¹),
505 781 661 862 primates
685 781 783 862 atque
806 778 963 844 tribunos.

109 865 201 930 Tunc
224 867 279 952 qui
301 867 377 931 vilis
401 871 483 950 erat,
508 869 653 950 quamvis
678 871 812 931 centena
834 866 959 931 talenta

108 955 225 1020 Palma
248 956 430 1040 porrigeret
452 956 593 1020 tremula
615 976 824 1040 gemmasque
847 955 988 1020 nitentes

107 1043 274 1110 Proferret
296 1044 458 1109 titubante
481 1044 571 1128 vola,
594 1066 660 1109 non
682 1044 751 1109 ulla
772 1047 918 1128 potestas

110 1130 272 1197 Concessa
295 1136 345 1196 est
367 1132 427 1196 illi.
473 1130 536 1197 Sed
559 1154 644 1198 nnnc
667 1135 722 1218 qui
745 1131 857 1197 vendit
879 1131 1016 1217 opellae,

108 1219 273 1285 Discissos
297 1221 386 1285 senio
410 1221 525 1305 byrsae
550 1222 605 1304 qui
628 1221 735 1285 tendit
757 1222 880 1286 olentes

108 1309 272 1374 Dentibus
295 1309 463 1394 inpressis,
486 1311 582 1373 tereti
606 1310 660 1394 qui
683 1310 791 1394 lignea
813 1314 909 1375 torno

108 1397 198 1462 Vasa
220 1402 321 1482 rotat,
344 1398 448 1462 multo
473 1398 501 1463 si
525 1399 644 1464 serinia
666 1398 778 1481 fenore
800 1397 888 1462 farta

107 1486 306 1571 Exapolians
331 1486 468 1551 nitidam
491 1486 636 1572 portabit
659 1487 700 1550 ad
723 1487 808 1550 atria
830 1506 985 1568 massam,

107 1575 167 1639 Ille
190 1576 341 1640 tribunus
366 1576 440 1660 erit,
463 1575 672 1660 quodcunque
696 1575 827 1639 affectat
849 1573 994 1638 habebit.

108 1663 214 1730 Nemo
239 1668 316 1729 tunc
340 1660 544 1749 scalprum2),
566 1685 661 1728 nemo
685 1667 763 1728 tunc
787 1658 928 1747 seruta3)
951 1665 1088 1745 paterna

108 1752 315 1836 Inproperat,
338 1753 395 1817 dat
418 1773 499 1838 gaza
522 1772 637 1836 genus,
659 1751 812 1835 formam,
836 1751 1041 1834 probitatem.

108 1839 295 1906 Nummatis
319 1863 394 1926 pars
417 1841 523 1925 prima
545 1840 648 1923 favet,
670 1841 844 1905 laudantur
867 1835 1059 1924 1111111114)

109 1928 303 1995 Consulibus
328 1930 490 2015 quondam
513 1928 669 1994 Romanis
693 1950 764 1993 mos
789 1932 859 1993 erat
880 1928 954 2013 iste,

106 2017 183 2084 Non
205 2017 269 2083 nisi
292 2019 440 2084 discretis
464 2018 666 2084 committere
689 2017 909 2101 pontificatus,

106 2105 232 2190 Utpota
256 2107 394 2172 morosis
419 2107 715 2192 scripturarumque
738 2106 866 2191 peritis,

106 2195 178 2260 Illis
203 2196 362 2280 agricolas
386 2195 501 2260 brutos
524 2197 651 2261 ratione
675 2199 821 2261 carentes

106 2282 300 2352 Presbiteris
322 2283 462 2348 formare
486 2284 611 2369 probis,
633 2305 693 2348 nec
716 2305 849 2369 poscere
873 2281 983 2347 soldos

106 2371 214 2436 Immo
239 2371 380 2436 sedulius
403 2373 466 2455 ipsi
489 2376 598 2456 petere
621 2394 658 2438 11
681 2374 876 2455 peterentur.

108 2458 188 2534 Quis
212 2464 246 2525 et
269 2463 349 2544 quot
372 2460 467 2525 claris
490 2467 568 2526 tunc
591 2461 719 2545 pollens
743 2465 831 2525 terra
854 2458 1010 2543 sophistis

105 2547 229 2632 Fulsit,
252 2551 394 2633 quotque
418 2550 524 2632 anime
547 2570 648 2635 regna
673 2549 839 2614 obtinuere
862 2547 974 2611 beatal

106 2637 180 2702 Heu
202 2659 288 2703 nunc
310 2637 488 2721 posteritas
512 2641 698 2723 contempto
722 2657 812 2701 more
834 2638 1006 2720 parentum

107 2724 225 2791 Omnia
247 2727 419 2812 pervertit,
442 2727 546 2812 pietas
568 2727 632 2793 heu
655 2726 801 2792 funditus
825 2724 930 2790 omnis

107 2813 308 2898 Destruitur,
331 2817 425 2899 pauci
449 2821 525 2881 sunt
548 2816 604 2900 qui
628 2816 668 2881 ad
691 2815 824 2898 celestia
846 2813 990 2878 tendant.

107 2902 211 2978 Quere
233 2903 343 2987 fidem,
366 2926 432 2969 non
454 2905 615 2988 invenies,
637 2905 726 2970 fraus
749 2906 878 2988 regnat3
902 2902 1028 2986 etipse
1144 2941 1156 2950 α

107 2988 169 3056 Oui
191 2992 278 3056 bona
300 2995 338 3056 tu
360 2993 455 3077 facis,
480 2994 625 3078 aspergit
647 3014 776 3058 rumore
800 2991 887 3056 malo
910 2995 952 3056 te.

178 3206 211 3256 55
232 3219 268 3257 an
286 3201 434 3256 11111111αεῖ
507 3207 541 3256 67
560 3218 583 3258 o.
605 3201 755 3256 Probitate

107 3331 321 3338 ——a—m—

179 3398 204 3464 1)
224 3397 290 3451 Tac.
311 3394 404 3451 Germ.
425 3402 439 3451 7
460 3395 545 3450 duces
564 3413 599 3452 ex
616 3396 721 3452 virtute
741 3396 862 3450 sumunt.
955 3388 987 3458 2)'
1002 3389 1036 3448 os.
1055 3390 1122 3446 Hor.

106 3467 163 3522 Sat.
184 3466 218 3537 II,
238 3473 263 3535 3,
283 3473 334 3523 106
353 3469 383 3522 et
401 3465 487 3521 schol.
506 3465 606 3523 Acron.
695 3469 723 3536 3)
743 3465 777 3522 cf.
797 3466 864 3522 Hor.
883 3465 935 3534 Ep.
955 3463 976 3532 I,
997 3469 1021 3531 7,
1040 3467 1075 3518 65
1094 3465 1122 3518 et

105 3537 193 3594 schol.
211 3540 312 3593 Acron.
384 3539 412 3605 4)
432 3535 499 3591 Hor.
518 3538 569 3608 Ep.
590 3538 612 3606 I,
631 3543 656 3606 6,
675 3544 708 3592 37
720 3555 759 3605 sq.
