2572 4044
417 219 421 228 ·
532 191 643 248 LIBER
660 192 694 250 Il.

106 355 213 432 Quem
237 353 386 439 strophio
410 354 545 434 donavit
565 355 648 438 ovis,
670 376 788 439 pavere
811 355 945 422 locuste.

104 443 178 520 Quo
200 443 385 526 baptizatus
409 442 543 508 detersit
566 444 701 509 crimina
723 448 851 529 nostra,
1149 457 1177 503 ⁹⁵
1210 492 1215 500 ·

102 532 182 618 Ipse
204 552 317 610 carens
342 531 458 597 menda
480 553 548 604 nee,
561 537 695 617 peceato
719 533 841 599 oblitus
863 535 942 600 ullo.

104 621 192 698 Quin
215 624 248 685 et
272 619 430 706 ebflhoste
452 620 566 687 volens
589 623 744 705 temptari
767 621 828 687 nce
852 622 973 708 docuit,
992 631 1056 708 ne,

103 709 318 793 Temptamur
340 709 507 796 quociens,
530 709 648 775 dicioni
672 711 895 776 subiaoee'mus

104 797 327 882 Temptantis,
351 799 407 862 scd
431 798 471 862 ab
495 799 617 863 illicitis
642 798 809 865 desideriis
833 821 893 866 nos

104 888 132 952 F
133 889 290 952 lectentes
313 886 408 951 illum
430 887 588 970 pellamus
612 891 743 972 pectore
766 888 854 954 forti.
1136 908 1177 948 100

103 976 182 1058 Ipse
205 975 303 1040 etiem
327 997 391 1059 quo
414 997 475 1040 nos
499 974 638 1041 humiles
661 977 846 1062 faceretque
870 976 1045 1063 benignos,

107 1063 174 1141 Qui
197 1065 267 1130 solo
291 1068 421 1148 poterat
443 1067 526 1128 nutu
547 1065 897 1151 necuissemelignos,

107 1151 194 1218 Saxa
217 1153 435 1238 malignorum
457 1153 586 1238 fugiens
609 1176 644 1219 se
668 1154 837 1221 abscondit
860 1155 901 1220 ab
925 1155 1004 1240 illis,

107 1241 349 1326 Discipulisque
372 1241 469 1325 pedes
493 1243 607 1308 doctor
630 1243 734 1308 bonus
759 1243 864 1308 abluit
886 1244 973 1310 unda

107 1330 147 1394 In
171 1330 293 1414 pelvim
315 1330 416 1396 missa
437 1352 497 1396 nec
519 1330 635 1396 Iudam
658 1332 785 1416 excepit
807 1332 969 1420 iniquum;
1138 1351 1177 1391 10⁵

107 1418 205 1484 Hunc
229 1440 355 1503 quoque
378 1418 549 1485 convivam
572 1419 645 1502 pius
668 1421 765 1504 inque
787 1422 960 1507 parapside
983 1443 1093 1487 secum

107 1507 246 1592 Tingere
269 1528 337 1572 non
359 1508 491 1572 rennuit
514 1507 649 1592 digitos,
672 1510 831 1592 patientia
853 1511 949 1574 mira!

106 1595 189 1662 Post
211 1596 272 1679 hec
295 1618 314 1661 e
336 1596 430 1662 vobis
454 1597 573 1671 summi
599 1599 702 1681 patris
726 1597 834 1662 hostia
858 1620 928 1664 sese

107 1685 149 1750 In
173 1706 267 1750 cruce
288 1685 437 1770 permisit
460 1686 584 1769 perimi.
629 1691 740 1770 caput,
763 1686 965 1771 inpie,-quid
986 1709 1072 1752 nunc

107 1770 300 1860 Quessas¹),
323 1779 439 1858 nempe
463 1795 559 1840 cruor
581 1778 614 1840 te
638 1775 766 1840 credere
789 1797 855 1841 non
879 1776 958 1841 sinit
981 1777 1070 1842 cius?
1138 1795 1179 1834 110

107 1861 242 1947 „Oedo.“
286 1861 348 1927 Tui
371 1863 499 1947 quando
523 1862 678 1928 Pharium
700 1863 814 1949 fugere
837 1868 1029 1949 tyrannum,
1063 1907 1069 1918 -

106 1951 271 2017 Morsibus
295 1951 433 2016 infestae
455 1951 546 2036 prius
570 1954 690 2018 evitare
715 1958 858 2019 cerastas

105 2040 196 2106 Num
217 2043 350 2125 potuere
372 2042 497 2125 patres,
520 2062 617 2124 quam
641 2045 823 2125 serpentem
848 2064 901 2125 ere
924 2044 1062 2128 politum

105 2129 148 2194 In
171 2150 263 2194 cruce
286 2129 418 2214 prefixit
441 2129 576 2194 ductor?
622 2128 676 2196 Sic
698 2152 793 2195 nemo
816 2131 930 2197 licebit

106 2218 203 2286 Alter
225 2220 295 2282 erat
317 2216 464 2302 Moyses,
487 2218 621 2283 evadere
644 2219 748 2303 quivit
770 2241 839 2304 eos,
864 2221 919 2304 qui
1138 2237 1177 2278 115

106 2306 202 2371 Pulsi
224 2307 264 2371 de
287 2307 413 2391 superis
436 2306 588 2372 habitant
610 2307 775 2373 latebrosa
797 2309 945 2394 chelidri,
1049 2329 1052 2336 ·

106 2395 220 2460 Donec
243 2394 446 2478 plectendum
472 2417 506 2460 se
529 2395 664 2460 tradidit
687 2397 721 2461 in
745 2418 837 2462 cruce
861 2395 1021 2462 Christus.
1063 2401 1066 2410 “

107 2483 220 2567 thue
244 2485 321 2549 olim
343 2483 410 2548 lezi
433 2485 549 2549 baculo
573 2505 723 2550 revocare
747 2486 911 2570 magistri,

108 2572 214 2649 Quem
238 2572 300 2637 sibi
323 2572 508 2638 defunctum
533 2571 712 2639 Sunamitis
734 2573 857 2639 femina
879 2572 1008 2658 planxit

106 2659 186 2726 Non
208 2663 316 2745 potuit
338 2684 487 2746 puerum,
511 2661 613 2726 donec
634 2667 726 2727 vates
750 2659 901 2728 Heliseus
1088 2737 1091 2742 Ι
1140 2681 1179 2722 co

105 2747 296 2815 Vivificavit
320 2747 439 2836 eum2),
463 2750 509 2815 sic
532 2755 660 2815 vestrae
683 2752 812 2837 virgula
835 2751 918 2836 legis

105 2836 185 2903 Non
207 2839 311 2904 valuit
334 2839 460 2904 salvare
483 2839 630 2904 homines
655 2842 715 2905 sub
738 2841 811 2925 lege
834 2843 1017 2925 manentes,

105 2925 222 2992 Donec
244 2927 308 2991 iter
331 2927 452 2992 faciens
477 2928 583 3010 anime
607 2932 716 2993 custos
740 2929 970 3013 quadriformis

104 3013 231 3090 Nostra
254 3017 419 3100 coaptavit
442 3016 505 3081 sibi
528 3016 676 3082 membra
700 3017 777 3082 deus
802 3018 994 3102 stabuloque

105 3103 292 3189 inpositum
315 3105 456 3170 moriens
479 3105 643 3170 hominem
668 3105 705 3169 de
720 3107 820 3172 ¹clade
844 3107 966 3173 levavit
1140 3121 1179 3161 125

105 3191 322 3278 Semineoem,
347 3197 481 3278 'septena
505 3194 555 3258 sui
573 3196 768 3275 ¹munuscula
790 3196 888 3261 fletus
976 3229 978 3234 ·

182 3387 233 3438 106
252 3401 275 3439 c.
294 3401 345 3454 cca
363 3386 452 3462 etcum
533 3392 584 3441 110
603 3404 626 3442 c.
648 3387 789 3458 Quaescas

182 3564 208 3630 1)
227 3561 310 3618 Prae.
330 3541 434 3632 epod.
454 3567 556 3632 avesq.
638 3567 665 3633 2)
682 3567 699 3615 4
717 3561 785 3632 neg.
805 3568 830 3630 4,
849 3567 892 3617 ce.
1017 3639 1021 3646 .
