2570 4044
167 231 211 299 22
538 200 817 288 sarrrnusucu

166 397 321 464 Promisit
343 399 442 480 lator,
466 418 561 481 quem
585 397 730 461 clausum
753 396 789 460 in
811 396 945 482 virginis
970 396 1078 462 alvum
1086 395 1110 483 ¹)

140 485 351 552 ⁵Venturum
374 485 481 550 David
502 486 615 569 typica
638 485 767 551 ratione
791 485 978 570 spopondit‚'

168 574 213 641 Ut
236 576 348 659 pluvia
371 575 405 639 in
427 574 531 639 vellus
555 574 727 639 descendet
741 577 782 656 ⁸et
804 578 847 659 ut
864 595 960 658 super
981 573 1118 640 herbam

167 663 234 729 Ros
259 665 365 748 cadet,
388 664 484 747 inque
509 663 577 734 eius
600 686 664 747 pax
687 684 785 727 aurea
807 666 953 746 tempore
976 659 1073 749 fiee2)

168 752 257 817 Tunc
281 773 360 838 gens
384 773 508 836 queque
531 756 616 817 teret
638 751 791 816 reseratis
815 751 886 834 ocia
908 752 1027 836 portis,
1161 753 1164 760 ‘

167 839 323 906 Vectibus
347 840 465 906 amotis
489 840 585 905 urbes
610 845 643 905 et
666 843 774 906 castra
797 840 969 924 patebunt,
1023 884 1025 890 .

128 929 207 994 10111
229 933 300 996 toto
324 929 545 1014 dominabitur
568 930 645 994 orbe
667 933 784 1013 potens
801 932 843 1011 ¹et
866 929 907 992 ab
930 927 1022 992 Indis

167 1018 326 1084 Extorres
345 1018 475 1104 penitus
498 1017 649 1102 regnabit
673 1018 837 1102 adusque
860 1015 1062 1084 Brittannos.
1156 1077 1159 1083 ,

166 1106 246 1171 Eius
269 1107 304 1171 in
327 1110 458 1191 aspectu
483 1127 562 1192 gens
585 1106 731 1191 procidet
754 1106 938 1195 Ejthiopum
961 1111 1057 1189 atque

166 1195 378 1279 Parthorum,
402 1199 435 1260 ct
456 1194 565 1259 n'ullus
590 1194 691 1260 stabit
714 1195 895 1260 contrarius
919 1195 1008 1278 illi3¹

167 1282 339 1348 Adduceut
361 1287 398 1348 et
419 1305 499 1367 quos
524 1285 689 1367 spaciosus
713 1284 857 1349 continet
880 1283 968 1348 orbis
1153 1358 1155 1361 ¹

128 1389 152 1430 1⁵
167 1373 272 1458 Reges
298 1376 395 1456 atque
418 1373 527 1456 duces,
549 1372 601 1436 illi
624 1394 682 1436 sua
706 1373 791 1437 colla
814 1375 988 1440 verenter.
1103 1385 1106 1391 '

164 1459 325 1545 Flentem,
348 1464 381 1526 at
405 1465 518 1546 gentes
543 1461 672 1526 credent
694 1461 730 1525 in
754 1483 827 1526 eum
851 1461 947 1525 simul
970 1479 1090 1527 omnes:
1162 1457 1165 1462 ’

163 1549 236 1614 Hoc
259 1552 357 1615 etiam
380 1550 526 1634 psalmus
548 1553 643 1614 notat
665 1550 731 1634 bic,
755 1550 810 1633 qui
826 1550 998 1633 proximus
1023 1553 1111 1615 astat

162 1638 244 1704 Post
267 1643 392 1704 sextum
417 1639 589 1721 decimum,
613 1638 721 1703 divina
744 1638 800 1703 ubi
823 1658 887 1704 vor
909 1639 956 1702 ita
977 1636 1112 1725 facab:

165 1726 267 1804 Quem
289 1749 356 1793 non
379 1728 530 1813 cognovi,
553 1728 692 1812 pop'ulus
716 1727 837 1793 servire
860 1727 943 1791 mihi
966 1729 1062 1812 atque

124 1833 150 1874 20
164 1817 263 1881 Auris
286 1817 322 1880 in
340 1817 457 1881 auditu
479 1837 593 1900 parere
616 1816 722 1880 libens
747 1817 940 1900 properavit.

165 1903 229 1969 Sed
251 1906 306 1988 qui
328 1905 423 1969 filioli
445 1905 573 1970 fuerant
596 1905 690 1986 mihi,
709 1925 798 1990 nunc
819 1904 918 1969 alieni

163 1992 293 2058 Mentiti
316 1993 397 2072 mihi
421 1998 496 2058 sunt
520 1997 553 2056 et
576 1993 724 2058 sordibus
748 1993 922 2058 inveterati
946 1999 948 2002 ’

165 2080 306 2147 Omnino
330 2081 437 2146 claudi
460 2103 586 2147 cessare
611 2103 630 2158 a
653 2082 785 2146 tramite
808 2082 886 2148 veri.
1017 2147 1020 2154 ,

164 2168 246 2234 Cum
270 2170 587 2255 domino‘quondam
610 2169 709 2241 Iacob
733 2169 925 2255 patriarcba
939 2170 1054 2236 beatus

124 2275 150 2316 25
164 2257 296 2323 Luctari
320 2278 495 2346 aggressus
508 2281 619 2344 „nervo
643 2260 822 2344 crepitante
845 2261 980 2324 recessit

165 2345 320 2432 claudus,
343 2351 586 2431 premonstrans
610 2349 670 2413 sub
694 2349 836 2433 imagine
860 2348 979 2432 carnis,
1003 2348 1140 2434 Hebrei‚

157 2435 317 2502 timorem
340 2437 457 2502 vestris
480 2438 515 2502 in
538 2437 688 2502 cordibus
712 2459 781 2502 esse
803 2436 960 2503 futurum.

164 2525 250 2590 Nam
264 2547 337 2591 cum
353 2527 474 2610 scripta
491 2530 622 2611 patrum
641 2549 734 2591 sacra
748 2526 915 2591 vobiscum
930 2529 962 2590 et
975 2529 1048 2590 rata
1067 2531 1181 2593 vatum

96 2660 101 2668 .
164 2613 290 2699 Pagina
313 2615 489 2696 luctentur,
512 2637 577 2680 non
601 2615 700 2680 vultis
725 2615 865 2698 credere,
889 2613 1068 2680 Christum·

125 2719 151 2758 ³0
165 2699 316 2784 Venisse,
338 2703 436 2787 inque
459 2703 521 2768 fide
544 2702 662 2768 Iudeus
687 2703 845 2768 claudicat
869 2725 989 2768 amens.

164 2787 237 2853 Iam
259 2791 390 2855 tandem
414 2793 488 2856 fidei
512 2793 641 2876 callem,
663 2791 774 2871 Iudae,
797 2792 963 2874 requirens

166 2874 332 2942 Christum
356 2881 526 2964 credetne
550 2902 648 2945 causa
671 2879 838 2945 advenisse
863 2880 992 2964 salutis,

94 2971 97 2978 ‘
165 2964 416 3058 Credegmiser,
440 2968 525 3051 quod
549 2969 594 3033 sit
617 2968 757 3054 genitori
780 2969 874 3036 filius.
921 2967 988 3034 Aut
1011 2991 1067 3034 cur

236 3201 254 3248 4
273 3211 296 3249 ο.
316 3195 447 3249 Promea
465 3211 521 3249 non
539 3194 642 3250 Aaou
659 3197 692 3250 us
710 3194 780 3250 eus.
798 3195 870 3266 legis
940 3175 968 3250 'a
987 3195 1084 3268 caua]
1103 3199 1185 3254 seiza

165 3263 235 3320 Btid.
259 3265 331 3320 falso
414 3267 447 3319 1's
470 3265 602 3336 aarum]
631 3272 748 3321 ocreatus
767 3267 836 3321 Bau.
857 3267 929 3322 falso
1025 3273 1060 3322 20
1079 3268 1180 3340 Auris]

165 3337 246 3392 daris
263 3335 333 3390 Bau.
352 3335 437 3401 falso,
456 3343 459 3348 ’
513 3341 564 3390 -22
583 3337 651 3391 mibi
668 3342 734 3391 aaut
752 3337 783 3391 in
800 3353 854 3390 ras.
957 3341 992 3392 23
1011 3353 1034 3390 c.
1054 3341 1184 3396 atramitc

165 3605 200 3655 44
236 3533 271 3656 ἑὲ
289 3530 372 3588 Prud.
391 3531 495 3602 Apoch.
517 3536 575 3586 roc.
649 3534 675 3598 a)
700 3515 773 3585 real.
795 3535 837 3600 τι,
857 3535 923 3598 ssu.
995 3533 1022 3601 a)
1046 3532 1120 3588 Psal.
1141 3538 1182 3602 17,
