<?xml version="1.0" encoding="UTF-8"?>
<!DOCTYPE html PUBLIC "-//W3C//DTD XHTML 1.0 Transitional//EN"
    "http://www.w3.org/TR/xhtml1/DTD/xhtml1-transitional.dtd">
<html xmlns="http://www.w3.org/1999/xhtml" xml:lang="en" lang="en">
 <head>
  <title>
</title>
<meta http-equiv="Content-Type" content="text/html;charset=utf-8" />
  <meta name='ocr-system' content='tesseract 3.04.00' />
  <meta name='ocr-capabilities' content='ocr_page ocr_carea ocr_par ocr_line ocrx_word'/>
</head>
<body>
  <div class='ocr_page' id='page_1' title='image "./sextiamarciigal01manigoog_0118.png"; bbox 0 0 2600 4044; ppageno 0'>
   <div class='ocr_carea' id='block_1_1' title="bbox 530 215 1124 282">
    <p class='ocr_par' dir='ltr' id='par_1_1' title="bbox 530 215 1124 282">
     <span class='ocr_line' id='line_1_1' title="bbox 530 215 1124 282; baseline 0.005 -14"><span class='ocrx_word' id='word_1_1' title='bbox 530 215 639 270; x_wconf 80' lang='lat' dir='ltr'>LIBER</span> <span class='ocrx_word' id='word_1_2' title='bbox 657 216 703 272; x_wconf 91' lang='lat' dir='ltr'><strong>IV.</strong></span> <span class='ocrx_word' id='word_1_3' title='bbox 1083 219 1124 282; x_wconf 83' lang='lat'><strong>91</strong></span> 
     </span>
    </p>
   </div>
   <div class='ocr_carea' id='block_1_2' title="bbox 109 372 930 464">
    <p class='ocr_par' dir='ltr' id='par_1_2' title="bbox 109 372 930 464">
     <span class='ocr_line' id='line_1_2' title="bbox 109 372 930 464; baseline 0.002 -22"><span class='ocrx_word' id='word_1_4' title='bbox 109 376 316 461; x_wconf 82' lang='lat' dir='ltr'><strong>Mastrugam</strong></span> <span class='ocrx_word' id='word_1_5' title='bbox 339 377 454 460; x_wconf 90' lang='lat' dir='ltr'><strong>prebet</strong></span> <span class='ocrx_word' id='word_1_6' title='bbox 477 372 641 443; x_wconf 89' lang='lat' dir='ltr'><strong>detonsus</strong></span> <span class='ocrx_word' id='word_1_7' title='bbox 654 378 777 462; x_wconf 86' lang='lat' dir='ltr'><strong>forpice</strong></span> <span class='ocrx_word' id='word_1_8' title='bbox 800 401 930 464; x_wconf 85' lang='lat' dir='ltr'>vervex,</span> 
     </span>
    </p>
   </div>
   <div class='ocr_carea' id='block_1_3' title="bbox 110 464 1294 551">
    <p class='ocr_par' dir='ltr' id='par_1_3' title="bbox 110 464 1294 551">
     <span class='ocr_line' id='line_1_3' title="bbox 110 464 1294 551; baseline 0.005 -21"><span class='ocrx_word' id='word_1_9' title='bbox 110 465 157 530; x_wconf 80' lang='lat' dir='ltr'><strong>Et</strong></span> <span class='ocrx_word' id='word_1_10' title='bbox 181 464 228 529; x_wconf 88' lang='lat' dir='ltr'><strong>sic</strong></span> <span class='ocrx_word' id='word_1_11' title='bbox 252 465 292 528; x_wconf 89' lang='lat' dir='ltr'><strong>ad</strong></span> <span class='ocrx_word' id='word_1_12' title='bbox 314 465 411 530; x_wconf 90' lang='lat' dir='ltr'><strong>flores</strong></span> <span class='ocrx_word' id='word_1_13' title='bbox 436 467 532 531; x_wconf 88' lang='lat' dir='ltr'><strong>ambo</strong></span> <span class='ocrx_word' id='word_1_14' title='bbox 557 471 727 532; x_wconf 76' lang='lat' dir='ltr'><strong>serrantur</strong></span> <span class='ocrx_word' id='word_1_15' title='bbox 750 467 886 551; x_wconf 88' lang='lat' dir='ltr'><strong>apricos.</strong></span> <span class='ocrx_word' id='word_1_16' title='bbox 1140 488 1180 529; x_wconf 80' lang='lat' dir='ltr'><strong>noo</strong></span> <span class='ocrx_word' id='word_1_17' title='bbox 1293 533 1294 536; x_wconf 74' lang='grc'>,</span> 
     </span>
    </p>
   </div>
   <div class='ocr_carea' id='block_1_4' title="bbox 109 553 939 907">
    <p class='ocr_par' dir='ltr' id='par_1_4' title="bbox 109 553 939 907">
     <span class='ocr_line' id='line_1_4' title="bbox 109 553 915 681; baseline 0.004 -63"><span class='ocrx_word' id='word_1_18' title='bbox 109 554 258 619; x_wconf 89' lang='lat' dir='ltr'><strong>Muscose</strong></span> <span class='ocrx_word' id='word_1_19' title='bbox 283 575 417 636; x_wconf 88' lang='lat' dir='ltr'><strong>quercus</strong></span> <span class='ocrx_word' id='word_1_20' title='bbox 441 555 611 619; x_wconf 71' lang='lat' dir='ltr'><strong>imitantur</strong></span> <span class='ocrx_word' id='word_1_21' title='bbox 634 556 748 621; x_wconf 91' lang='lat' dir='ltr'><strong>fronde</strong></span> <span class='ocrx_word' id='word_1_22' title='bbox 771 553 915 681; x_wconf 65' lang='lat' dir='ltr'><strong>miricq¹2</strong></span> 
     </span>
     <span class='ocr_line' id='line_1_5' title="bbox 110 641 939 732; baseline 0.004 -25"><span class='ocrx_word' id='word_1_23' title='bbox 110 641 258 707; x_wconf 84' lang='lat' dir='ltr'><strong>Sidereas</strong></span> <span class='ocrx_word' id='word_1_24' title='bbox 282 642 412 724; x_wconf 88' lang='lat' dir='ltr'><strong>humili,</strong></span> <span class='ocrx_word' id='word_1_25' title='bbox 436 644 538 708; x_wconf 90' lang='lat' dir='ltr'><strong>celsas</strong></span> <span class='ocrx_word' id='word_1_26' title='bbox 562 645 698 708; x_wconf 87' lang='lat' dir='ltr'>viburna</span> <span class='ocrx_word' id='word_1_27' title='bbox 722 643 939 732; x_wconf 89' lang='lat' dir='ltr'><strong>cupressos),</strong></span> 
     </span>
     <span class='ocr_line' id='line_1_6' title="bbox 109 728 832 818; baseline 0.004 -24"><span class='ocrx_word' id='word_1_28' title='bbox 109 731 273 814; x_wconf 80' lang='lat' dir='ltr'><strong>Labruscq</strong></span> <span class='ocrx_word' id='word_1_29' title='bbox 297 728 415 818; x_wconf 79' lang='lat' dir='ltr'><strong>vites⁸)</strong></span> <span class='ocrx_word' id='word_1_30' title='bbox 438 730 540 816; x_wconf 88' lang='lat' dir='ltr'><strong>foliis,</strong></span> <span class='ocrx_word' id='word_1_31' title='bbox 564 735 712 816; x_wconf 90' lang='lat' dir='ltr'><strong>pomaria</strong></span> <span class='ocrx_word' id='word_1_32' title='bbox 735 733 832 797; x_wconf 88' lang='lat' dir='ltr'><strong>dumi.</strong></span> 
     </span>
     <span class='ocr_line' id='line_1_7' title="bbox 110 820 881 907; baseline 0.003 -23"><span class='ocrx_word' id='word_1_33' title='bbox 110 820 226 902; x_wconf 78' lang='lat' dir='ltr'><strong>Lorice</strong></span> <span class='ocrx_word' id='word_1_34' title='bbox 249 820 382 885; x_wconf 89' lang='lat' dir='ltr'><strong>confidit</strong></span> <span class='ocrx_word' id='word_1_35' title='bbox 406 841 502 904; x_wconf 87' lang='lat' dir='ltr'><strong>eques</strong></span> <span class='ocrx_word' id='word_1_36' title='bbox 527 825 617 886; x_wconf 76' lang='lat' dir='ltr'><strong>scuto</strong></span> <span class='ocrx_word' id='word_1_37' title='bbox 641 825 736 906; x_wconf 90' lang='lat' dir='ltr'><strong>atque</strong></span> <span class='ocrx_word' id='word_1_38' title='bbox 760 822 881 907; x_wconf 83' lang='lat' dir='ltr'><strong>galero.</strong></span> 
     </span>
    </p>
   </div>
   <div class='ocr_carea' id='block_1_5' title="bbox 6 908 1178 994">
    <p class='ocr_par' dir='ltr' id='par_1_5' title="bbox 6 908 1178 994">
     <span class='ocr_line' id='line_1_8' title="bbox 6 908 1178 994; baseline 0 -22"><span class='ocrx_word' id='word_1_39' title='bbox 6 969 7 992; x_wconf 66' lang='lat'><strong>,</strong></span> <span class='ocrx_word' id='word_1_40' title='bbox 109 909 155 972; x_wconf 84' lang='lat' dir='ltr'><strong>At</strong></span> <span class='ocrx_word' id='word_1_41' title='bbox 178 930 238 972; x_wconf 93' lang='lat' dir='ltr'><strong>nos</strong></span> <span class='ocrx_word' id='word_1_42' title='bbox 262 908 349 973; x_wconf 86' lang='lat' dir='ltr'><strong>alma</strong></span> <span class='ocrx_word' id='word_1_43' title='bbox 372 908 452 973; x_wconf 91' lang='lat' dir='ltr'><strong>fides</strong></span> <span class='ocrx_word' id='word_1_44' title='bbox 475 913 570 994; x_wconf 83' lang='lat' dir='ltr'><strong>tegat</strong></span> <span class='ocrx_word' id='word_1_45' title='bbox 592 914 625 975; x_wconf 90' lang='lat' dir='ltr'><strong>et</strong></span> <span class='ocrx_word' id='word_1_46' title='bbox 647 911 820 975; x_wconf 77' lang='lat' dir='ltr'>tolerantia</span> <span class='ocrx_word' id='word_1_47' title='bbox 844 911 946 977; x_wconf 91' lang='lat' dir='ltr'><strong>fortis.</strong></span> <span class='ocrx_word' id='word_1_48' title='bbox 1139 931 1178 973; x_wconf 80' lang='lat' dir='ltr'><strong>nea</strong></span> 
     </span>
    </p>
   </div>
   <div class='ocr_carea' id='block_1_6' title="bbox 109 997 992 1346">
    <p class='ocr_par' dir='ltr' id='par_1_6' title="bbox 109 997 992 1346">
     <span class='ocr_line' id='line_1_9' title="bbox 110 997 901 1083; baseline 0.001 -21"><span class='ocrx_word' id='word_1_49' title='bbox 110 997 245 1062; x_wconf 88' lang='lat' dir='ltr'><strong>Foroior</strong></span> <span class='ocrx_word' id='word_1_50' title='bbox 268 1001 319 1060; x_wconf 90' lang='lat' dir='ltr'><strong>est</strong></span> <span class='ocrx_word' id='word_1_51' title='bbox 340 998 467 1081; x_wconf 89' lang='lat' dir='ltr'><strong>patiens</strong></span> <span class='ocrx_word' id='word_1_52' title='bbox 490 999 625 1063; x_wconf 89' lang='lat' dir='ltr'><strong>robusto</strong></span> <span class='ocrx_word' id='word_1_53' title='bbox 649 999 765 1083; x_wconf 91' lang='lat' dir='ltr'><strong>milite,</strong></span> <span class='ocrx_word' id='word_1_54' title='bbox 789 1000 844 1082; x_wconf 93' lang='lat' dir='ltr'><strong>qui</strong></span> <span class='ocrx_word' id='word_1_55' title='bbox 868 1021 901 1063; x_wconf 79' lang='lat' dir='ltr'><strong>ae</strong></span> 
     </span>
     <span class='ocr_line' id='line_1_10' title="bbox 109 1085 964 1172; baseline 0.004 -23"><span class='ocrx_word' id='word_1_56' title='bbox 109 1085 285 1150; x_wconf 75' lang='lat' dir='ltr'>Promovet</span> <span class='ocrx_word' id='word_1_57' title='bbox 308 1090 456 1150; x_wconf 85' lang='lat' dir='ltr'><strong>evertens</strong></span> <span class='ocrx_word' id='word_1_58' title='bbox 480 1089 513 1150; x_wconf 94' lang='lat' dir='ltr'><strong>et</strong></span> <span class='ocrx_word' id='word_1_59' title='bbox 535 1088 779 1172; x_wconf 86' lang='lat' dir='ltr'><strong>propugnacula</strong></span> <span class='ocrx_word' id='word_1_60' title='bbox 803 1091 836 1153; x_wconf 92' lang='lat' dir='ltr'><strong>et</strong></span> <span class='ocrx_word' id='word_1_61' title='bbox 858 1088 964 1153; x_wconf 89' lang='lat' dir='ltr'><strong>urbes.</strong></span> 
     </span>
     <span class='ocr_line' id='line_1_11' title="bbox 110 1173 992 1260; baseline 0.006 -24"><span class='ocrx_word' id='word_1_62' title='bbox 110 1173 175 1250; x_wconf 83' lang='lat' dir='ltr'><strong>Qui</strong></span> <span class='ocrx_word' id='word_1_63' title='bbox 196 1173 334 1238; x_wconf 91' lang='lat' dir='ltr'><strong>nimium</strong></span> <span class='ocrx_word' id='word_1_64' title='bbox 357 1173 492 1260; x_wconf 84' lang='lat' dir='ltr'><strong>fragiles</strong></span> <span class='ocrx_word' id='word_1_65' title='bbox 515 1176 637 1259; x_wconf 89' lang='lat' dir='ltr'><strong>probra</strong></span> <span class='ocrx_word' id='word_1_66' title='bbox 659 1180 886 1241; x_wconf 89' lang='lat' dir='ltr'><strong>momentanea</strong></span> <span class='ocrx_word' id='word_1_67' title='bbox 909 1177 992 1241; x_wconf 86' lang='lat' dir='ltr'><strong>ferre</strong></span> 
     </span>
     <span class='ocr_line' id='line_1_12' title="bbox 109 1261 965 1346; baseline 0.005 -20"><span class='ocrx_word' id='word_1_68' title='bbox 109 1261 276 1344; x_wconf 88' lang='lat' dir='ltr'><strong>Horretis,</strong></span> <span class='ocrx_word' id='word_1_69' title='bbox 300 1262 377 1346; x_wconf 89' lang='lat' dir='ltr'><strong>quid</strong></span> <span class='ocrx_word' id='word_1_70' title='bbox 400 1265 492 1346; x_wconf 91' lang='lat' dir='ltr'><strong>tunc,</strong></span> <span class='ocrx_word' id='word_1_71' title='bbox 516 1284 588 1328; x_wconf 89' lang='lat' dir='ltr'><strong>cum</strong></span> <span class='ocrx_word' id='word_1_72' title='bbox 612 1264 812 1331; x_wconf 83' lang='lat' dir='ltr'><strong>scintillante</strong></span> <span class='ocrx_word' id='word_1_73' title='bbox 835 1267 965 1330; x_wconf 84' lang='lat' dir='ltr'><strong>vorabit</strong></span> 
     </span>
    </p>
   </div>
   <div class='ocr_carea' id='block_1_7' title="bbox 6 1349 1178 1440">
    <p class='ocr_par' dir='ltr' id='par_1_7' title="bbox 6 1349 1178 1440">
     <span class='ocr_line' id='line_1_13' title="bbox 6 1349 1178 1440; baseline -0.001 -26"><span class='ocrx_word' id='word_1_74' title='bbox 6 1349 7 1360; x_wconf 73' lang='grc'>’</span> <span class='ocrx_word' id='word_1_75' title='bbox 110 1349 271 1436; x_wconf 83' lang='lat' dir='ltr'><strong>Sulphure</strong></span> <span class='ocrx_word' id='word_1_76' title='bbox 294 1372 366 1435; x_wconf 87' lang='lat' dir='ltr'><strong>vos,</strong></span> <span class='ocrx_word' id='word_1_77' title='bbox 390 1352 442 1416; x_wconf 90' lang='lat' dir='ltr'><strong>cui</strong></span> <span class='ocrx_word' id='word_1_78' title='bbox 464 1373 531 1416; x_wconf 94' lang='lat' dir='ltr'><strong>non</strong></span> <span class='ocrx_word' id='word_1_79' title='bbox 554 1352 769 1418; x_wconf 87' lang='lat' dir='ltr'><strong>salamandria</strong></span> <span class='ocrx_word' id='word_1_80' title='bbox 791 1355 951 1440; x_wconf 77' lang='lat' dir='ltr'><strong>prevalet,</strong></span> <span class='ocrx_word' id='word_1_81' title='bbox 974 1355 1084 1439; x_wconf 81' lang='lat' dir='ltr'><strong>ignis?</strong></span> <span class='ocrx_word' id='word_1_82' title='bbox 1139 1374 1178 1415; x_wconf 82' lang='lat' dir='ltr'><strong>aro</strong></span> 
     </span>
    </p>
   </div>
   <div class='ocr_carea' id='block_1_8' title="bbox 38 1439 1177 2057">
    <p class='ocr_par' dir='ltr' id='par_1_8' title="bbox 109 1439 917 1524">
     <span class='ocr_line' id='line_1_14' title="bbox 109 1439 917 1524; baseline 0.002 -20"><span class='ocrx_word' id='word_1_83' title='bbox 109 1440 179 1504; x_wconf 83' lang='lat' dir='ltr'><strong>Aut</strong></span> <span class='ocrx_word' id='word_1_84' title='bbox 202 1439 257 1522; x_wconf 92' lang='lat' dir='ltr'><strong>qui</strong></span> <span class='ocrx_word' id='word_1_85' title='bbox 280 1461 366 1504; x_wconf 88' lang='lat' dir='ltr'><strong>nunc</strong></span> <span class='ocrx_word' id='word_1_86' title='bbox 387 1441 506 1524; x_wconf 84' lang='lat' dir='ltr'><strong>pugnis</strong></span> <span class='ocrx_word' id='word_1_87' title='bbox 530 1441 661 1524; x_wconf 89' lang='lat' dir='ltr'><strong>inpacta</strong></span> <span class='ocrx_word' id='word_1_88' title='bbox 685 1441 792 1506; x_wconf 85' lang='lat' dir='ltr'><strong>vivere</strong></span> <span class='ocrx_word' id='word_1_89' title='bbox 815 1443 917 1506; x_wconf 88' lang='lat' dir='ltr'><strong>bucca</strong></span> 
     </span>
    </p>

    <p class='ocr_par' dir='ltr' id='par_1_9' title="bbox 108 1527 878 1615">
     <span class='ocr_line' id='line_1_15' title="bbox 108 1527 878 1615; baseline 0 -21"><span class='ocrx_word' id='word_1_90' title='bbox 108 1529 307 1610; x_wconf 89' lang='lat' dir='ltr'><strong>Pulsataque</strong></span> <span class='ocrx_word' id='word_1_91' title='bbox 331 1528 435 1612; x_wconf 88' lang='lat' dir='ltr'><strong>alapis</strong></span> <span class='ocrx_word' id='word_1_92' title='bbox 458 1527 541 1592; x_wconf 90' lang='lat' dir='ltr'><strong>facie</strong></span> <span class='ocrx_word' id='word_1_93' title='bbox 565 1529 700 1615; x_wconf 87' lang='lat' dir='ltr'><strong>diffidis,</strong></span> <span class='ocrx_word' id='word_1_94' title='bbox 725 1533 774 1610; x_wconf 89' lang='lat' dir='ltr'><strong>[at</strong></span> <span class='ocrx_word' id='word_1_95' title='bbox 797 1531 878 1611; x_wconf 90' lang='lat' dir='ltr'><strong>orci]</strong></span> 
     </span>
    </p>

    <p class='ocr_par' dir='ltr' id='par_1_10' title="bbox 109 1617 943 1704">
     <span class='ocr_line' id='line_1_16' title="bbox 109 1617 943 1704; baseline 0.004 -23"><span class='ocrx_word' id='word_1_96' title='bbox 109 1617 251 1702; x_wconf 83' lang='lat' dir='ltr'><strong>Agmine</strong></span> <span class='ocrx_word' id='word_1_97' title='bbox 275 1617 415 1682; x_wconf 88' lang='lat' dir='ltr'><strong>vallatus</strong></span> <span class='ocrx_word' id='word_1_98' title='bbox 438 1618 539 1682; x_wconf 87' lang='lat' dir='ltr'><strong>miror</strong></span> <span class='ocrx_word' id='word_1_99' title='bbox 562 1639 624 1702; x_wconf 87' lang='lat' dir='ltr'><strong>quo</strong></span> <span class='ocrx_word' id='word_1_100' title='bbox 649 1620 799 1700; x_wconf 88' lang='lat' dir='ltr'><strong>cor[pore</strong></span> <span class='ocrx_word' id='word_1_101' title='bbox 821 1620 943 1704; x_wconf 90' lang='lat' dir='ltr'><strong>possis]</strong></span> 
     </span>
    </p>

    <p class='ocr_par' dir='ltr' id='par_1_11' title="bbox 109 1704 849 1792">
     <span class='ocr_line' id='line_1_17' title="bbox 109 1704 849 1792; baseline 0.004 -23"><span class='ocrx_word' id='word_1_102' title='bbox 109 1704 236 1792; x_wconf 85' lang='lat' dir='ltr'><strong>Ignitos</strong></span> <span class='ocrx_word' id='word_1_103' title='bbox 261 1706 395 1789; x_wconf 91' lang='lat' dir='ltr'><strong>clatros,</strong></span> <span class='ocrx_word' id='word_1_104' title='bbox 418 1706 523 1790; x_wconf 83' lang='lat' dir='ltr'><strong>ignita</strong></span> <span class='ocrx_word' id='word_1_105' title='bbox 548 1707 705 1790; x_wconf 82' lang='lat' dir='ltr'><strong>repagula</strong></span> <span class='ocrx_word' id='word_1_106' title='bbox 729 1706 849 1788; x_wconf 61' lang='lat' dir='ltr'><strong>[ferret</strong></span> 
     </span>
    </p>

    <p class='ocr_par' dir='ltr' id='par_1_12' title="bbox 38 1793 1177 1969">
     <span class='ocr_line' id='line_1_18' title="bbox 110 1793 1177 1882; baseline -0.001 -26"><span class='ocrx_word' id='word_1_107' title='bbox 110 1793 274 1877; x_wconf 82' lang='lat' dir='ltr'><strong>Discipuli</strong></span> <span class='ocrx_word' id='word_1_108' title='bbox 296 1794 447 1858; x_wconf 90' lang='lat' dir='ltr'><strong>humanis</strong></span> <span class='ocrx_word' id='word_1_109' title='bbox 471 1795 628 1859; x_wconf 89' lang='lat' dir='ltr'><strong>innarunt</strong></span> <span class='ocrx_word' id='word_1_110' title='bbox 650 1796 802 1860; x_wconf 89' lang='lat' dir='ltr'><strong>fluctibus</strong></span> <span class='ocrx_word' id='word_1_111' title='bbox 826 1800 859 1861; x_wconf 88' lang='lat' dir='ltr'><strong>et</strong></span> <span class='ocrx_word' id='word_1_112' title='bbox 882 1817 961 1882; x_wconf 90' lang='lat' dir='ltr'><strong>quos</strong></span> <span class='ocrx_word' id='word_1_113' title='bbox 1137 1815 1177 1856; x_wconf 76' lang='lat' dir='ltr'><strong>ars</strong></span> 
     </span>
     <span class='ocr_line' id='line_1_19' title="bbox 38 1880 940 1969; baseline 0.009 -28"><span class='ocrx_word' id='word_1_114' title='bbox 38 1936 42 1941; x_wconf 88' lang='lat'><em>.</em></span> <span class='ocrx_word' id='word_1_115' title='bbox 108 1881 232 1966; x_wconf 85' lang='lat' dir='ltr'><strong>Vipera</strong></span> <span class='ocrx_word' id='word_1_116' title='bbox 253 1904 318 1947; x_wconf 94' lang='lat' dir='ltr'><strong>non</strong></span> <span class='ocrx_word' id='word_1_117' title='bbox 341 1884 429 1966; x_wconf 90' lang='lat' dir='ltr'><strong>lesit,</strong></span> <span class='ocrx_word' id='word_1_118' title='bbox 453 1880 574 1969; x_wconf 75' lang='lat' dir='ltr'><strong>seps4),</strong></span> <span class='ocrx_word' id='word_1_119' title='bbox 597 1885 795 1968; x_wconf 88' lang='lat' dir='ltr'><strong>anphivcna,</strong></span> <span class='ocrx_word' id='word_1_120' title='bbox 818 1885 940 1968; x_wconf 87' lang='lat' dir='ltr'><strong>parias,</strong></span> 
     </span>
    </p>

    <p class='ocr_par' dir='ltr' id='par_1_13' title="bbox 110 1969 980 2057">
     <span class='ocr_line' id='line_1_20' title="bbox 110 1969 980 2057; baseline 0.002 -22"><span class='ocrx_word' id='word_1_121' title='bbox 110 1969 262 2054; x_wconf 82' lang='lat' dir='ltr'><strong>Scorpius</strong></span> <span class='ocrx_word' id='word_1_122' title='bbox 286 1975 319 2034; x_wconf 91' lang='lat' dir='ltr'><strong>et</strong></span> <span class='ocrx_word' id='word_1_123' title='bbox 343 1972 479 2056; x_wconf 90' lang='lat' dir='ltr'><strong>scitalis,</strong></span> <span class='ocrx_word' id='word_1_124' title='bbox 502 1977 642 2056; x_wconf 85' lang='lat' dir='ltr'><strong>prester,</strong></span> <span class='ocrx_word' id='word_1_125' title='bbox 665 1973 773 2038; x_wconf 83' lang='lat' dir='ltr'><strong>natrix</strong></span> <span class='ocrx_word' id='word_1_126' title='bbox 797 1978 830 2038; x_wconf 92' lang='lat' dir='ltr'><strong>et</strong></span> <span class='ocrx_word' id='word_1_127' title='bbox 853 1973 980 2057; x_wconf 91' lang='lat' dir='ltr'><strong>ophites</strong></span> 
     </span>
    </p>
   </div>
   <div class='ocr_carea' id='block_1_9' title="bbox 6 2058 982 2146">
    <p class='ocr_par' dir='ltr' id='par_1_14' title="bbox 6 2058 982 2146">
     <span class='ocr_line' id='line_1_21' title="bbox 6 2058 982 2146; baseline 0.002 -22"><span class='ocrx_word' id='word_1_128' title='bbox 6 2085 9 2134; x_wconf 68' lang='lat' dir='ltr'><strong>l</strong></span> <span class='ocrx_word' id='word_1_129' title='bbox 109 2058 231 2124; x_wconf 87' lang='lat' dir='ltr'><strong>Sibilus</strong></span> <span class='ocrx_word' id='word_1_130' title='bbox 255 2063 287 2123; x_wconf 91' lang='lat' dir='ltr'><strong>et</strong></span> <span class='ocrx_word' id='word_1_131' title='bbox 309 2060 445 2143; x_wconf 88' lang='lat' dir='ltr'><strong>ceneris,</strong></span> <span class='ocrx_word' id='word_1_132' title='bbox 469 2060 591 2145; x_wconf 88' lang='lat' dir='ltr'><strong>dipsas,</strong></span> <span class='ocrx_word' id='word_1_133' title='bbox 615 2062 719 2127; x_wconf 89' lang='lat' dir='ltr'><strong>caculi</strong></span> <span class='ocrx_word' id='word_1_134' title='bbox 743 2067 839 2146; x_wconf 89' lang='lat' dir='ltr'><strong>atque</strong></span> <span class='ocrx_word' id='word_1_135' title='bbox 861 2063 982 2144; x_wconf 74' lang='lat' dir='ltr'><strong>lacerte</strong></span> 
     </span>
    </p>
   </div>
   <div class='ocr_carea' id='block_1_10' title="bbox 107 2147 1177 3029">
    <p class='ocr_par' dir='ltr' id='par_1_15' title="bbox 109 2147 962 2234">
     <span class='ocr_line' id='line_1_22' title="bbox 109 2147 962 2234; baseline 0.002 -22"><span class='ocrx_word' id='word_1_136' title='bbox 109 2147 304 2212; x_wconf 90' lang='lat' dir='ltr'><strong>Mordebant</strong></span> <span class='ocrx_word' id='word_1_137' title='bbox 326 2147 489 2233; x_wconf 87' lang='lat' dir='ltr'><strong>homines,</strong></span> <span class='ocrx_word' id='word_1_138' title='bbox 512 2149 567 2214; x_wconf 85' lang='lat' dir='ltr'><strong>sed</strong></span> <span class='ocrx_word' id='word_1_139' title='bbox 591 2171 646 2215; x_wconf 91' lang='lat' dir='ltr'><strong>eos</strong></span> <span class='ocrx_word' id='word_1_140' title='bbox 670 2151 829 2234; x_wconf 89' lang='lat' dir='ltr'><strong>patientia</strong></span> <span class='ocrx_word' id='word_1_141' title='bbox 852 2172 962 2215; x_wconf 90' lang='lat' dir='ltr'><strong>eorum</strong></span> 
     </span>
    </p>

    <p class='ocr_par' dir='ltr' id='par_1_16' title="bbox 108 2235 1177 2676">
     <span class='ocr_line' id='line_1_23' title="bbox 110 2235 1177 2323; baseline -0.003 -22"><span class='ocrx_word' id='word_1_142' title='bbox 110 2235 287 2301; x_wconf 80' lang='lat' dir='ltr'><strong>Coniunxit</strong></span> <span class='ocrx_word' id='word_1_143' title='bbox 310 2236 445 2320; x_wconf 90' lang='lat' dir='ltr'><strong>superis.</strong></span> <span class='ocrx_word' id='word_1_144' title='bbox 490 2237 576 2303; x_wconf 92' lang='lat' dir='ltr'><strong>Hinc</strong></span> <span class='ocrx_word' id='word_1_145' title='bbox 600 2242 650 2302; x_wconf 91' lang='lat' dir='ltr'><strong>est</strong></span> <span class='ocrx_word' id='word_1_146' title='bbox 674 2240 760 2323; x_wconf 90' lang='lat' dir='ltr'><strong>qnod</strong></span> <span class='ocrx_word' id='word_1_147' title='bbox 783 2239 933 2304; x_wconf 90' lang='lat' dir='ltr'><strong>fluctibus</strong></span> <span class='ocrx_word' id='word_1_148' title='bbox 957 2239 1036 2304; x_wconf 93' lang='lat' dir='ltr'><strong>olim</strong></span> <span class='ocrx_word' id='word_1_149' title='bbox 1137 2259 1177 2300; x_wconf 81' lang='lat' dir='ltr'><strong>cao</strong></span> 
     </span>
     <span class='ocr_line' id='line_1_24' title="bbox 108 2324 1090 2412; baseline 0.004 -24"><span class='ocrx_word' id='word_1_150' title='bbox 108 2324 219 2389; x_wconf 87' lang='lat' dir='ltr'><strong>Archa</strong></span> <span class='ocrx_word' id='word_1_151' title='bbox 241 2324 350 2390; x_wconf 85' lang='lat' dir='ltr'><strong>levata</strong></span> <span class='ocrx_word' id='word_1_152' title='bbox 372 2324 458 2409; x_wconf 73' lang='lat' dir='ltr'><strong>Noe,</strong></span> <span class='ocrx_word' id='word_1_153' title='bbox 482 2327 571 2411; x_wconf 89' lang='lat' dir='ltr'><strong>quia,</strong></span> <span class='ocrx_word' id='word_1_154' title='bbox 594 2327 669 2390; x_wconf 89' lang='lat' dir='ltr'><strong>dum</strong></span> <span class='ocrx_word' id='word_1_155' title='bbox 693 2327 810 2392; x_wconf 88' lang='lat' dir='ltr'><strong>tumidi</strong></span> <span class='ocrx_word' id='word_1_156' title='bbox 833 2327 955 2412; x_wconf 89' lang='lat' dir='ltr'><strong>probra</strong></span> <span class='ocrx_word' id='word_1_157' title='bbox 978 2328 1090 2392; x_wconf 90' lang='lat' dir='ltr'><strong>mundi</strong></span> 
     </span>
     <span class='ocr_line' id='line_1_25' title="bbox 109 2411 1078 2502; baseline 0.003 -25"><span class='ocrx_word' id='word_1_158' title='bbox 109 2411 319 2478; x_wconf 87' lang='lat' dir='ltr'><strong>Subsannant</strong></span> <span class='ocrx_word' id='word_1_159' title='bbox 342 2414 572 2500; x_wconf 88' lang='lat' dir='ltr'><strong>quatiuntque,</strong></span> <span class='ocrx_word' id='word_1_160' title='bbox 595 2415 700 2480; x_wconf 92' lang='lat' dir='ltr'><strong>bonos</strong></span> <span class='ocrx_word' id='word_1_161' title='bbox 726 2416 765 2480; x_wconf 90' lang='lat' dir='ltr'><strong>ad</strong></span> <span class='ocrx_word' id='word_1_162' title='bbox 789 2414 894 2480; x_wconf 89' lang='lat' dir='ltr'><strong>sidera</strong></span> <span class='ocrx_word' id='word_1_163' title='bbox 916 2413 1078 2502; x_wconf 81' lang='lat' dir='ltr'><strong>tollunt.⁶)</strong></span> 
     </span>
     <span class='ocr_line' id='line_1_26' title="bbox 108 2501 1046 2590; baseline 0.002 -24"><span class='ocrx_word' id='word_1_164' title='bbox 108 2501 223 2566; x_wconf 88' lang='lat' dir='ltr'><strong>Virtus</strong></span> <span class='ocrx_word' id='word_1_165' title='bbox 247 2525 374 2588; x_wconf 90' lang='lat' dir='ltr'><strong>quoque</strong></span> <span class='ocrx_word' id='word_1_166' title='bbox 398 2502 493 2589; x_wconf 90' lang='lat' dir='ltr'><strong>cadit,</strong></span> <span class='ocrx_word' id='word_1_167' title='bbox 515 2525 613 2588; x_wconf 88' lang='lat' dir='ltr'><strong>quam</strong></span> <span class='ocrx_word' id='word_1_168' title='bbox 635 2525 701 2568; x_wconf 91' lang='lat' dir='ltr'><strong>non</strong></span> <span class='ocrx_word' id='word_1_169' title='bbox 724 2503 888 2586; x_wconf 89' lang='lat' dir='ltr'><strong>pacientia</strong></span> <span class='ocrx_word' id='word_1_170' title='bbox 911 2501 1046 2590; x_wconf 60' lang='lat' dir='ltr'><strong>fulcitfl)</strong></span> 
     </span>
     <span class='ocr_line' id='line_1_27' title="bbox 108 2590 908 2676; baseline -0.001 -21"><span class='ocrx_word' id='word_1_171' title='bbox 108 2590 295 2674; x_wconf 81' lang='lat' dir='ltr'><strong>Erumpnas</strong></span> <span class='ocrx_word' id='word_1_172' title='bbox 318 2591 419 2676; x_wconf 87' lang='lat' dir='ltr'><strong>igitur</strong></span> <span class='ocrx_word' id='word_1_173' title='bbox 441 2614 500 2675; x_wconf 92' lang='lat' dir='ltr'><strong>pro</strong></span> <span class='ocrx_word' id='word_1_174' title='bbox 524 2591 647 2657; x_wconf 80' lang='lat' dir='ltr'><strong>Christi</strong></span> <span class='ocrx_word' id='word_1_175' title='bbox 668 2592 775 2676; x_wconf 89' lang='lat' dir='ltr'><strong>perfer</strong></span> <span class='ocrx_word' id='word_1_176' title='bbox 798 2613 908 2656; x_wconf 91' lang='lat' dir='ltr'><strong>amore</strong></span> 
     </span>
    </p>

    <p class='ocr_par' dir='ltr' id='par_1_17' title="bbox 107 2678 1177 2853">
     <span class='ocr_line' id='line_1_28' title="bbox 108 2678 1177 2764; baseline -0.003 -21"><span class='ocrx_word' id='word_1_177' title='bbox 108 2678 193 2764; x_wconf 89' lang='lat' dir='ltr'><strong>Has,</strong></span> <span class='ocrx_word' id='word_1_178' title='bbox 218 2681 273 2764; x_wconf 89' lang='lat' dir='ltr'><strong>qui</strong></span> <span class='ocrx_word' id='word_1_179' title='bbox 296 2684 482 2745; x_wconf 89' lang='lat' dir='ltr'><strong>sanctorum</strong></span> <span class='ocrx_word' id='word_1_180' title='bbox 504 2680 575 2744; x_wconf 93' lang='lat' dir='ltr'><strong>fieri</strong></span> <span class='ocrx_word' id='word_1_181' title='bbox 598 2680 784 2764; x_wconf 87' lang='lat' dir='ltr'><strong>iubarisque</strong></span> <span class='ocrx_word' id='word_1_182' title='bbox 808 2680 951 2763; x_wconf 89' lang='lat' dir='ltr'><strong>supremi</strong></span> <span class='ocrx_word' id='word_1_183' title='bbox 1137 2700 1177 2740; x_wconf 80' lang='lat' dir='ltr'><strong>aas</strong></span> 
     </span>
     <span class='ocr_line' id='line_1_29' title="bbox 107 2767 937 2853; baseline 0.001 -21"><span class='ocrx_word' id='word_1_184' title='bbox 107 2767 252 2834; x_wconf 85' lang='lat' dir='ltr'><strong>Affectas</strong></span> <span class='ocrx_word' id='word_1_185' title='bbox 276 2789 419 2834; x_wconf 88' lang='lat' dir='ltr'><strong>consors.</strong></span> <span class='ocrx_word' id='word_1_186' title='bbox 465 2767 670 2853; x_wconf 90' lang='lat' dir='ltr'><strong>Oportunum</strong></span> <span class='ocrx_word' id='word_1_187' title='bbox 693 2768 754 2832; x_wconf 91' lang='lat' dir='ltr'><strong>tibi</strong></span> <span class='ocrx_word' id='word_1_188' title='bbox 777 2790 863 2832; x_wconf 91' lang='lat' dir='ltr'><strong>nunc</strong></span> <span class='ocrx_word' id='word_1_189' title='bbox 886 2772 937 2833; x_wconf 90' lang='lat' dir='ltr'><strong>est</strong></span> 
     </span>
    </p>

    <p class='ocr_par' dir='ltr' id='par_1_18' title="bbox 108 2856 931 2942">
     <span class='ocr_line' id='line_1_30' title="bbox 108 2856 931 2942; baseline 0.002 -22"><span class='ocrx_word' id='word_1_190' title='bbox 108 2856 250 2941; x_wconf 86' lang='lat' dir='ltr'><strong>Tempus</strong></span> <span class='ocrx_word' id='word_1_191' title='bbox 274 2857 429 2942; x_wconf 82' lang='lat' dir='ltr'><strong>quqrendi</strong></span> <span class='ocrx_word' id='word_1_192' title='bbox 452 2857 596 2940; x_wconf 88' lang='lat' dir='ltr'><strong>celestia;</strong></span> <span class='ocrx_word' id='word_1_193' title='bbox 622 2857 650 2921; x_wconf 87' lang='lat' dir='ltr'><strong>si</strong></span> <span class='ocrx_word' id='word_1_194' title='bbox 673 2857 769 2922; x_wconf 90' lang='lat' dir='ltr'><strong>modo</strong></span> <span class='ocrx_word' id='word_1_195' title='bbox 792 2879 859 2922; x_wconf 93' lang='lat' dir='ltr'><strong>non</strong></span> <span class='ocrx_word' id='word_1_196' title='bbox 883 2859 931 2922; x_wconf 90' lang='lat' dir='ltr'><strong>vis</strong></span> 
     </span>
    </p>

    <p class='ocr_par' dir='ltr' id='par_1_19' title="bbox 108 2944 979 3029">
     <span class='ocr_line' id='line_1_31' title="bbox 108 2944 979 3029; baseline 0.001 -19"><span class='ocrx_word' id='word_1_197' title='bbox 108 2944 242 3011; x_wconf 88' lang='lat' dir='ltr'><strong>Vineier</strong></span> <span class='ocrx_word' id='word_1_198' title='bbox 265 2947 422 3029; x_wconf 86' lang='lat' dir='ltr'><strong>adversis,</strong></span> <span class='ocrx_word' id='word_1_199' title='bbox 446 2965 507 3029; x_wconf 86' lang='lat' dir='ltr'><strong>age</strong></span> <span class='ocrx_word' id='word_1_200' title='bbox 530 2967 627 3029; x_wconf 89' lang='lat' dir='ltr'><strong>nunc,</strong></span> <span class='ocrx_word' id='word_1_201' title='bbox 650 2967 690 3010; x_wconf 93' lang='lat' dir='ltr'><strong>ne</strong></span> <span class='ocrx_word' id='word_1_202' title='bbox 713 2952 746 3009; x_wconf 88' lang='lat' dir='ltr'><strong>te</strong></span> <span class='ocrx_word' id='word_1_203' title='bbox 769 2946 979 3011; x_wconf 91' lang='lat' dir='ltr'><strong>tenebrarum</strong></span> 
     </span>
    </p>
   </div>
   <div class='ocr_carea' id='block_1_11' title="bbox 109 3172 1124 3314">
    <p class='ocr_par' dir='ltr' id='par_1_20' title="bbox 109 3172 1124 3314">
     <span class='ocr_line' id='line_1_32' title="bbox 181 3172 1124 3243; baseline 0.002 -15"><span class='ocrx_word' id='word_1_204' title='bbox 181 3179 233 3228; x_wconf 80' lang='lat'><strong>359</strong></span> <span class='ocrx_word' id='word_1_205' title='bbox 253 3191 275 3229; x_wconf 89' lang='lat' dir='ltr'><strong>c.</strong></span> <span class='ocrx_word' id='word_1_206' title='bbox 295 3180 385 3230; x_wconf 68' lang='lat' dir='ltr'><strong>oeten</strong></span> <span class='ocrx_word' id='word_1_207' title='bbox 403 3189 473 3228; x_wconf 89' lang='lat' dir='ltr'><strong>corr.</strong></span> <span class='ocrx_word' id='word_1_208' title='bbox 493 3172 635 3243; x_wconf 78' lang='lat' dir='ltr'><strong>Biidinger</strong></span> <span class='ocrx_word' id='word_1_209' title='bbox 652 3173 670 3228; x_wconf 93' lang='lat' dir='ltr'><strong>l.</strong></span> <span class='ocrx_word' id='word_1_210' title='bbox 691 3174 709 3227; x_wconf 91' lang='lat' dir='ltr'><strong>l.</strong></span> <span class='ocrx_word' id='word_1_211' title='bbox 729 3192 756 3243; x_wconf 90' lang='lat' dir='ltr'><strong>p.</strong></span> <span class='ocrx_word' id='word_1_212' title='bbox 778 3177 829 3227; x_wconf 87' lang='lat'><strong>104</strong></span> <span class='ocrx_word' id='word_1_213' title='bbox 893 3178 945 3227; x_wconf 81' lang='grc'><strong>375</strong></span> <span class='ocrx_word' id='word_1_214' title='bbox 966 3189 988 3228; x_wconf 89' lang='lat' dir='ltr'><strong>c.</strong></span> <span class='ocrx_word' id='word_1_215' title='bbox 1008 3174 1040 3228; x_wconf 79' lang='lat' dir='ltr'><strong>in</strong></span> <span class='ocrx_word' id='word_1_216' title='bbox 1058 3178 1124 3230; x_wconf 66' lang='lat' dir='ltr'><strong>nait</strong></span> 
     </span>
     <span class='ocr_line' id='line_1_33' title="bbox 109 3242 663 3314; baseline 0 -14"><span class='ocrx_word' id='word_1_217' title='bbox 109 3250 250 3300; x_wconf 81' lang='lat'>384-399</span> <span class='ocrx_word' id='word_1_218' title='bbox 271 3245 314 3300; x_wconf 88' lang='lat' dir='ltr'><strong>ed.</strong></span> <span class='ocrx_word' id='word_1_219' title='bbox 333 3244 470 3300; x_wconf 89' lang='lat' dir='ltr'><strong>Hersohel</strong></span> <span class='ocrx_word' id='word_1_220' title='bbox 488 3245 506 3300; x_wconf 90' lang='lat' dir='ltr'><strong>l.</strong></span> <span class='ocrx_word' id='word_1_221' title='bbox 526 3242 545 3300; x_wconf 88' lang='lat' dir='ltr'><strong>l.</strong></span> <span class='ocrx_word' id='word_1_222' title='bbox 564 3263 592 3314; x_wconf 90' lang='lat' dir='ltr'><strong>p.</strong></span> <span class='ocrx_word' id='word_1_223' title='bbox 612 3249 663 3300; x_wconf 77' lang='lat'><strong>125</strong></span> 
     </span>
    </p>
   </div>
   <div class='ocr_carea' id='block_1_12' title="bbox 104 3437 1124 3653">
    <p class='ocr_par' dir='ltr' id='par_1_21' title="bbox 104 3437 1124 3653">
     <span class='ocr_line' id='line_1_34' title="bbox 183 3437 1123 3521; baseline -0.001 -28"><span class='ocrx_word' id='word_1_224' title='bbox 183 3444 209 3509; x_wconf 86' lang='lat'><strong>1)</strong></span> <span class='ocrx_word' id='word_1_225' title='bbox 229 3439 397 3509; x_wconf 75' lang='lat' dir='ltr'><strong>E01.1v,a</strong></span> <span class='ocrx_word' id='word_1_226' title='bbox 520 3437 727 3507; x_wconf 78' lang='lat' dir='ltr'><strong>a)Ecl.1,24.</strong></span> <span class='ocrx_word' id='word_1_227' title='bbox 748 3444 789 3493; x_wconf 80' lang='lat'><strong>25.</strong></span> <span class='ocrx_word' id='word_1_228' title='bbox 911 3439 937 3506; x_wconf 85' lang='lat'><strong>3)</strong></span> <span class='ocrx_word' id='word_1_229' title='bbox 968 3438 1123 3522; x_wconf 61' lang='lat' dir='ltr'><strong>aqam.</strong></span> 
     </span>
     <span class='ocr_line' id='line_1_35' title="bbox 104 3511 1124 3592; baseline -0.004 -25"><span class='ocrx_word' id='word_1_230' title='bbox 104 3513 137 3582; x_wconf 67' lang='lat' dir='ltr'><strong>a)</strong></span> <span class='ocrx_word' id='word_1_231' title='bbox 160 3517 301 3592; x_wconf 74' lang='lat'><strong>³⁷⁶&#39;.3⁷9</strong></span> <span class='ocrx_word' id='word_1_232' title='bbox 325 3527 340 3566; x_wconf 88' lang='lat' dir='ltr'><strong>e</strong></span> <span class='ocrx_word' id='word_1_233' title='bbox 362 3511 470 3566; x_wconf 88' lang='lat' dir='ltr'><strong>Lucani</strong></span> <span class='ocrx_word' id='word_1_234' title='bbox 488 3511 584 3565; x_wconf 86' lang='lat' dir='ltr'><strong>Phars.</strong></span> <span class='ocrx_word' id='word_1_235' title='bbox 609 3511 655 3577; x_wconf 79' lang='lat' dir='ltr'><strong>IX,</strong></span> <span class='ocrx_word' id='word_1_236' title='bbox 675 3515 817 3564; x_wconf 68' lang='grc'><strong>712-714</strong></span> <span class='ocrx_word' id='word_1_237' title='bbox 840 3525 903 3563; x_wconf 89' lang='lat' dir='ltr'><strong>curn</strong></span> <span class='ocrx_word' id='word_1_238' title='bbox 926 3512 1022 3565; x_wconf 81' lang='lat' dir='ltr'><strong>multis</strong></span> <span class='ocrx_word' id='word_1_239' title='bbox 1045 3511 1124 3566; x_wconf 87' lang='lat' dir='ltr'><strong>vrtns</strong></span> 
     </span>
     <span class='ocr_line' id='line_1_36' title="bbox 109 3580 976 3653; baseline 0 -17"><span class='ocrx_word' id='word_1_240' title='bbox 109 3582 259 3652; x_wconf 78' lang='lat' dir='ltr'><strong>desumpti.</strong></span> <span class='ocrx_word' id='word_1_241' title='bbox 339 3583 366 3652; x_wconf 77' lang='lat'><strong>5)</strong></span> <span class='ocrx_word' id='word_1_242' title='bbox 385 3581 454 3638; x_wconf 87' lang='lat' dir='ltr'><strong>Aen.</strong></span> <span class='ocrx_word' id='word_1_243' title='bbox 474 3583 495 3652; x_wconf 90' lang='lat' dir='ltr'><strong>I,</strong></span> <span class='ocrx_word' id='word_1_244' title='bbox 516 3587 574 3637; x_wconf 84' lang='lat'>103.</span> <span class='ocrx_word' id='word_1_245' title='bbox 649 3583 678 3653; x_wconf 87' lang='lat'><strong>6)</strong></span> <span class='ocrx_word' id='word_1_246' title='bbox 695 3581 776 3638; x_wconf 85' lang='lat' dir='ltr'><strong>Prud.</strong></span> <span class='ocrx_word' id='word_1_247' title='bbox 796 3580 896 3649; x_wconf 85' lang='lat' dir='ltr'><strong>Psych.</strong></span> <span class='ocrx_word' id='word_1_248' title='bbox 917 3584 976 3636; x_wconf 90' lang='grc'><strong>177.</strong></span> 
     </span>
    </p>
   </div>
   <div class='ocr_carea' id='block_1_13' title="bbox 0 0 1304 4044">
    <p class='ocr_par' dir='ltr' id='par_1_22' title="bbox 0 0 1304 4044">
     <span class='ocr_line' id='line_1_37' title="bbox 0 0 1304 4044; baseline 0 0"><span class='ocrx_word' id='word_1_249' title='bbox 0 0 1304 4044; x_wconf 95' lang='lat' dir='ltr'><strong> </strong></span> 
     </span>
    </p>
   </div>
  </div>
 </body>
</html>
