2570 4044
529 201 650 284 ,urana
669 203 702 257 11.
1086 201 1131 292 aa

40 415 42 419 -
111 366 270 453 Appellas
293 370 434 450 patrem,
458 366 510 430 cui
533 366 658 449 prolem
682 365 870 430 subtrahis?
916 366 961 431 Et
984 387 1041 431 cur
1204 444 1209 453 ,

110 456 187 540 Ipse
210 456 275 520 tuis
298 455 391 528 libris
416 454 595 519 contrarius
619 475 689 518 esse
713 453 854 519 videris?
1142 470 1169 510 55

111 544 220 628 Stena,
243 547 281 608 ut
299 547 413 609 nostra
431 543 530 607 refert
553 541 755 627 scriptura1),
779 542 838 606 sub
857 543 930 608 ilice
949 539 1129 630 Mambre²l

112 635 240 698 Abrarn'
263 633 303 697 ad
327 654 361 697 se
384 650 501 717 pueros
525 634 592 695 tres
617 630 743 714 aspexit
765 632 967 714 propiantes:

109 721 231 806 „Quia
249 723 309 806 ait,
333 744 351 786 o
376 719 751 804 domine,mecun1tibi
774 720 883 803 gratia
906 719 934 784 si
958 741 1034 804 qua,

110 810 300 876 Pauxillum
315 808 513 892 huclimphp
528 807 605 872 ferri
620 807 718 873 sine.“
749 805 832 873 (lum
850 808 912 874 hoc
931 809 978 873 ait
997 809 1037 872 ad
1051 811 1128 894 tres,
1203 848 1208 858 ·

110 897 256 982 Scilicet,
279 922 298 964 o
322 898 466 976 domine,
488 901 555 962 tres
580 900 631 961 est
652 896 967 980 fassuamanifeste,
1141 913 1169 953 40

110 987 272 1052 Personas
295 1009 395 1051 unum
419 1007 489 1056 esse
514 985 617 1049 deum.
662 984 769 1069 „Deua
793 988 857 1068 est,
881 985 962 1050 mihi
985 985 1078 1070 dicis,
1143 1040 1148 1050 .

113 1077 213 1141 Astra
237 1097 348 1140 creans
368 1078 492 1140 terram
515 1095 618 1151 mare,
641 1095 707 1139 non
731 1077 781 1138 eat
802 1075 890 1138 filius
913 1074 990 1139 illi.“

110 1163 169 1228 Nil
194 1164 297 1229 credis
321 1186 380 1228 nec
403 1165 491 1228 enim
508 1185 560 1227 me
583 1162 656 1246 plue
679 1163 766 1227 istud
790 1165 879 1247 capit
902 1185 939 1228 ac
961 1164 990 1228 si

111 1253 262 1319 Dedalon
285 1253 409 1318 alatum
432 1248 588 1337 credas³),
612 1251 788 1335 dextraque
810 1252 998 1318 Promethei

109 1341 300 1406 Humanum
323 1340 439 1406 fecisse
463 1361 578 1425 genus,
601 1339 856 1410 velrivificatoa
1139 1355 1167 1396 55

109 1430 349 1496 Deucalioneos
372 1426 531 1515 lapideo4)
556 1433 600 1512 et,
625 1428 775 1512 quicquid
797 1429 832 1494 in
855 1427 992 1516 hortis⁵)

109 1518 284 1584 Plantatur
305 1518 499 1600 Pelusiacis,
523 1518 614 1582 divos
638 1517 775 1582 fateare:
968 1521 971 1528 '

109 1608 331 1693 Abrotonum,
353 1611 475 1690 rutam,
498 1606 680 1690 laphatum,
705 1627 795 1690 cepe,
819 1606 896 1670 allia
920 1602 1100 1692 anetuml),

108 1696 202 1762 Pana
224 1697 316 1762 deum
341 1692 536 1782 Archadie⁶)
558 1715 710 1760 venerere
734 1694 866 1778 eiusque
889 1691 1082 1782 luperca17),

109 1786 165 1852 Et,
178 1784 255 1850 fatis
279 1784 389 1850 eredas
413 1785 504 1850 balat
527 1805 588 1867 que
611 1783 760 1868 corniger
782 1781 990 1870 Hamm0n⁸)‚
1138 1799 1166 1840 ao

108 1875 180 1938 Aut
202 1875 238 1938 in
261 1873 399 1939 Dodona
421 1872 522 1938 fallax
545 1872 703 1937 bachatur
725 1872 876 1956 Apollo.“

106 1962 235 2047 „Quid?
259 1963 287 2027 ei
309 1961 481 2027 concedam
505 1961 590 2044 quod
614 1982 740 2026 summo
764 1961 807 2025 sit
830 1961 969 2047 genitori

107 2051 228 2134 Filius,
250 2051 369 2115 idcirco
393 2071 458 2115 non
482 2049 620 2115 concedo
643 2050 704 2114 tibi
728 2050 813 2134 quod
838 2051 882 2115 sit
959 2085 968 2110 x

108 2140 171 2204 Ille
195 2139 412 2205 incarnatus.“
447 2137 678 2226 „Oaueam2dic
702 2138 798 2203 cur?“
833 2138 936 2224 „Quia
959 2139 1015 2223 qui
1038 2160 1098 2204 noe

106 2226 265 2294 Condidit
288 2233 321 2293 et
343 2228 465 2292 nullius
489 2231 576 2312 eget,
599 2227 696 2310 super
719 2227 828 2292 omnia
851 2249 908 2292 rex
932 2233 994 2312 est,
1139 2241 1167 2282 ⁵⁵

109 2317 176 2383 Cur
200 2318 239 2382 de
263 2317 391 2382 celestis
415 2315 609 2380 descendens
634 2315 772 2380 culmine
795 2316 890 2400 regni
1010 2327 1038 2400 J

108 2405 188 2476 Sese
212 2403 391 2490 ergasterio
415 2405 520 2470 carnis
544 2404 784 2469 committeret?
808 2406 841 2468 et
864 2426 921 2468 cur

106 2494 149 2560 In
172 2496 287 2560 mortis
310 2496 418 2580 legem
439 2497 630 2579 properaret
643 2493 721 2558 ‘rita
743 2491 936 2576 perennis·?“

525 2665 528 2672 ¹
538 2671 698 2679 ——-

262 2809 318 2879 (11.)
341 2809 381 2864 De
397 2822 429 2864 eo
449 2821 500 2864 cur
517 2807 568 2864 Dei
585 2808 661 2867 filius
679 2807 823 2863 incarnari
841 2806 973 2864 voluerit.

104 2917 269 2983 Ausculta
291 2918 386 3003 mihi,
409 2941 496 2984 nunc
518 2918 680 2983 rationem
703 2922 847 3002 concipe,
871 2939 928 2982 cur
952 2918 996 2983 eit

107 3006 270 3091 Perdici0,
295 3009 412 3074 summi
438 3009 466 3072 si
488 3029 554 3072 non
577 3007 699 3072 fateare
722 3007 867 3090 parentis
1139 3024 1167 3064 co

105 3093 255 3160 Gnatum
277 3096 441 3160 homInem
464 3096 587 3161 factum
610 3099 643 3161 et
666 3096 813 3180 genitum
840 3095 880 3159 de
903 3117 998 3160 carne
1021 3093 1125 3178 Maria

179 3275 216 3324 44
234 3287 258 3325 c.
277 3271 398 3326 Delaloa
468 3276 503 3326 46
523 3287 545 3326 c.
564 3241 766 3326 Deucaliocea'
819 3273 853 3324 51
873 3285 896 3325 c.
915 3269 1057 3326 iadodoaa

148 3446 152 3454 ·
183 3433 209 3497 1)
229 3430 296 3487 cen.
318 3436 359 3500 re,
380 3436 403 3485 1.
481 3419 819 3499 2)Prud.1>'iteoch.1v,
839 3433 863 3482 1.
941 3429 968 3498 a)
989 3427 1039 3484 0v.
1054 3426 1124 3482 Met

107 3500 182 3570 VIII,
198 3506 249 3556 189
260 3518 320 3571 sqq.
371 3505 398 3569 4)
413 3500 462 3556 Ge.
477 3500 498 3568 I,
513 3505 555 3554 62.
585 3501 634 3569 c)
648 3499 771 3556 Iuvenal.
786 3497 845 3566 XV,
861 3504 887 3553 9.
902 3504 944 3553 10.
996 3503 1022 3568 6)
1037 3499 1123 3571 Verg.

104 3572 166 3628 Ecl.
185 3571 219 3643 X,
239 3578 281 3627 26.
356 3577 382 3642 7)
402 3574 470 3627 Aen.
490 3570 565 3642 VIII,
584 3575 645 3626 343.
718 3573 745 3642 8)
765 3569 815 3627 Ov.
834 3568 900 3624 Met
920 3570 953 3638 V,
974 3574 1016 3627 17.
