2600 4044
530 239 639 292 LIBER
656 237 704 292 111.

109 403 203 468 Esto.
249 400 311 466 Sed
334 403 471 466 interius
494 401 612 486 sipon
634 400 706 464 uult
728 399 882 464 candidus
907 421 991 484 esse,

113 492 238 556 Extcra
259 491 395 576 nigredo
418 490 467 554 nil
490 489 630 572 confert,
653 488 773 553 credite
796 489 900 554 nobis.

113 581 160 644 At
181 601 239 644 vos
262 579 436 662 presbiteri
458 583 607 662 pastores
631 581 727 661 atque
750 577 901 662 magistri

110 668 269 754 lJoelesie,
291 689 330 731 ex
354 668 471 732 animis
494 667 633 731 conubia
655 665 766 749 pellite
789 667 916 730 vestris.

110 756 256 822 llloontra
277 757 453 839 inprudens
476 755 555 821 dicit
577 754 672 819 mibi:
695 752 784 838 „Qua
806 755 934 819 ratione
1140 768 1180 808 7⁵⁰

113 845 237 910 Gaudia
260 845 405 928 coniugii
426 844 508 908 mihi
531 843 716 908 subtrahis?
762 842 856 908 Unde
879 841 1042 907 Iohannes

111 933 228 998 Editus
251 936 313 1018 est,
336 931 501 998 Christum
523 933 633 1015 typico
657 931 714 1015 qui
736 931 834 994 tinxit
855 931 890 995 iu
913 930 1048 996 amne?“

112 1020 205 1106 „Hoc
228 1042 289 1107 ego
314 1023 360 1086 sic
383 1020 488 1086 solvo:
510 1020 640 1085 Veteris
664 1021 736 1104 quis
760 1020 887 1084 somnia
909 1019 992 1104 legis

112 1109 289 1194 Comparet
310 1109 387 1174 huic
410 1113 510 1192 certe,
534 1110 606 1193 quis
629 1109 714 1173 veris
738 1107 873 1172 artubus
895 1109 1059 1190 umbram,

112 1197 234 1274 Quisve
257 1198 408 1262 cimiterii
430 1201 556 1263 metuat
578 1198 717 1262 lemures
741 1198 834 1281 quasi
857 1218 935 1261 vera
1139 1211 1178 1250 ²⁵⁵

111 1285 280 1372 Corpora?
325 1286 439 1351 Prisca
460 1287 526 1350 fnit
547 1287 600 1350 lex
621 1286 718 1350 huius
740 1286 824 1370 legis
846 1285 957 1370 imago

111 1376 159 1441 Ut
180 1377 288 1458 pictus
311 1377 379 1440 rivi
402 1379 437 1440 et
459 1376 618 1440 currentis
641 1374 789 1438 bubalus.
835 1373 922 1437 Olim

113 1463 271 1540 Quassuri
292 1465 390 1528 iussit
413 1464 542 1528 dentem
565 1485 624 1546 pro
648 1463 744 1527 dente
766 1465 860 1526 vetus
883 1459 983 1546 lex¹)‚

112 1551 175 1617 Sed
198 1552 279 1617 dicit
300 1574 387 1618 nova
408 1552 475 1617 lex:
497 1553 532 1615 in
554 1552 701 1616 dextram
724 1550 945 1614 mandibulam
967 1555 1000 1615 te

112 1639 148 1704 Si
171 1642 244 1725 quis
268 1641 374 1724 cedat,
397 1641 427 1704 ei
450 1642 579 1724 paciens
601 1641 737 1724 prebete
760 1639 859 1702 aliam
881 1635 958 1723 tu.²)

113 1728 302 1812 Composite
324 1730 412 1794 mala
435 1734 544 1794 vestra
567 1729 647 1793 satis
671 1726 843 1792 defenditis
866 1729 952 1790 acta!

114 1818 222 1902 'Ibrpe
246 1818 405 1902 estquod
428 1817 596 1904 proprium
616 1817 730 1898 violas,
753 1815 949 1897 onocrotalo,
970 1810 1127 1900 nidum.³)

114 1906 166 1970 Ad
190 1905 424 1971 defendendum
448 1906 609 1989 sapientes
634 1907 712 1970 estis
734 1905 895 1988 iniquum,

114 1995 165 2058 Ad
189 1998 314 2059 rectum
338 1995 439 2059 stulti.
485 1994 690 2079 Quapropter
713 1995 760 2057 sic
783 1992 906 2058 domini
930 2014 988 2056 vas

111 2083 305 2167 Prudentes,
326 2083 446 2167 inquit,
469 2087 546 2147 sunt
569 2088 606 2146 ut
627 2082 752 2146 faciant
774 2082 874 2165 mala,
898 2081 992 2146 stulti
1140 2101 1180 2141 res

110 2172 158 2238 Ut
180 2171 302 2236 faciant
327 2170 455 2257 bona4)
497 2170 546 2236 Ob
568 2171 631 2235 hoc
653 2170 815 2235 cumulem
840 2169 985 2252 spernite
1006 2169 1126 2252 luxum,

111 2259 262 2345 Namque
285 2261 345 2325 deo
368 2265 531 2344 nequeunt
554 2260 611 2344 qui
634 2259 768 2323 suntin
792 2279 887 2322 earne
909 2259 1046 2341 placere.

111 2349 166 2413 Ah
189 2351 302 2431 miser,
325 2348 365 2412 ad
389 2371 535 2413 mensam
559 2347 682 2413 domini
705 2347 759 2430 qui
782 2346 915 2429 putidus
938 2347 986 2409 ire

112 2436 189 2502 Non
212 2437 341 2522 horres,
365 2441 577 2520 sanctumque
600 2437 669 2500 eius
692 2435 880 2518 contingere
903 2456 1019 2517 corpus

111 2526 252 2590 Pollntis
275 2527 441 2609 manibus,
463 2547 578 2610 capsas
601 2524 641 2589 de
663 2525 769 2588 thuris
793 2519 936 2608 acerra5)
1141 2544 1181 2584 uo
1292 2515 1293 2522 '

42 2673 48 2686 ,
110 2613 198 2689 Quid
221 2614 331 2679 suffire
354 2615 458 2696 iuvat,
481 2619 598 2698 putens
621 2635 694 2678 cnm
716 2616 754 2676 tu
777 2611 899 2676 cinicus
923 2610 990 2675 sis?

112 2701 197 2778 Quid
219 2703 337 2768 lavisse
360 2725 477 2767 manus
500 2702 656 2767 inmundo
679 2705 809 2786 pectore
832 2698 986 2783 prodest?

110 2789 192 2866 Quis
216 2796 341 2856 mutare
365 2813 477 2856 canem
499 2792 552 2856 vel
576 2813 660 2874 aqua
682 2789 736 2855 vel
758 2790 886 2873 pectine
908 2788 1036 2873 possit?
1130 2835 1133 2838 -

112 2883 207 2944 Anne
231 2884 301 2965 tua,
324 2903 388 2965 qua
410 2885 443 2944 te
467 2879 655 2963 circumdas,
678 2879 872 2944 sanctificari

113 2967 214 3034 Veste
235 2968 355 3053 putas?
396 2967 493 3033 'liriis
516 2969 641 3033 inserto
664 2969 810 3032 vestibus
834 2989 912 3032 auro
1141 2985 1180 3025 ua

112 3055 215 3122 Simia
237 3058 373 3141 veletur,
396 3079 462 3121 non
485 3057 580 3121 simia
604 3057 723 3120 desinit
745 3078 824 3120 esse.
1292 3059 1293 3098 l

109 3189 328 3198 ——--—-—

185 3271 236 3320 75⁵
256 3282 279 3320 c.
300 3267 368 3337 Quis
386 3283 446 3321 uere
506 3283 536 3322 re
555 3282 623 3320 eras.
698 3270 750 3320 758
769 3281 791 3318 c.
807 3267 940 3334 prodente
1011 3269 1062 3320 761
1081 3265 1126 3319 de·

109 3337 237 3408 scanditis]
257 3338 282 3392 is
300 3336 331 3391 in
349 3354 403 3394 ras.
423 3337 554 3406 (sedasse
574 3337 651 3406 prius
666 3337 689 3404 e)
707 3353 758 3392 scr.
777 3336 807 3390 M
861 3341 912 3391 ⁷72
932 3352 955 3392 c.
974 3336 1006 3391 iu
1024 3337 1126 3391 mundo

186 3535 212 3600 1)
231 3517 321 3587 Le'vit.
341 3538 384 3598 24,
402 3537 446 3586 ao.
515 3535 542 3601 a)
561 3531 663 3586 Matre.
682 3536 707 3598 e,
726 3537 770 3586 se.
837 3532 864 3596 a)
884 3527 919 3581 cf.
938 3527 1060 3584 Musici.
1079 3529 1127 3598 xi,

111 3608 158 3672 aa,
174 3607 215 3657 10.
279 3606 308 3672 4)
330 3612 344 3658 1
365 3604 427 3660 cor.
446 3609 471 3670 a,
492 3608 533 3658 ic.
606 3605 633 3672 s)
653 3602 702 3658 ον.
719 3601 793 3656 nass.
807 3599 855 3668 Ν,
869 3603 930 3654 esu.
