2600 4044
164 171 207 236 66
532 170 637 226 SEXTI
655 170 810 226 ananeli

163 333 257 417 „Fiet
280 333 353 397 lux“
376 333 484 418 inquit
506 335 598 418 deus,
621 338 654 399 ct
677 335 733 398 lux
755 333 832 398 ilico
855 333 944 399 faeta
968 333 1063 421 est¹);

168 421 405 505 Secernensque
429 445 513 488 novo
537 423 690 488 tenebras
715 445 754 487 ex
777 422 898 487 lumine
921 426 1012 488 nocti

111 531 152 570 eoo
165 509 266 575 Iussit
289 511 401 576 abesse
425 509 555 595 dicm²);
578 512 643 576 iam
666 516 744 576 tunc
766 511 899 576 inimica
920 511 1063 578 vicissim

164 598 356 684 Pugnarunt
378 600 541 664 elementa
563 600 667 665 modis
692 599 909 684 discordibus,
930 623 1033 685 usquc

166 686 241 771 Ipse
266 693 355 753 sator
376 688 505 772 placida
526 689 632 753 iunxit
655 689 816 754 contraria
839 710 932 772 pace3

164 774 280 862 Ignem
301 799 442 861 namque
466 777 566 842 citum
591 800 750 842 summam
773 777 938 842 contraxit
960 777 997 841 in
1019 800 1139 844 arcem.

163 864 259 936 Hunc
282 865 516 950 gravidumque
540 865 645 930 solum
668 866 827 930 mediator
850 866 997 930 continet
1020 864 1125 953 aer3),

111 975 150 1015 sou
163 952 214 1018 Ne
238 956 290 1020 vel
312 956 400 1019 terra
422 955 517 1019 cadat
539 953 683 1019 violento
708 954 847 1038 pondere
871 976 991 1039 mersa,

163 1041 233 1107 Aut
255 1043 371 1108 levitas
394 1043 468 1126 puri
491 1065 617 1107 sursum
640 1043 738 1106 nimis
760 1043 868 1107 evolet
890 1043 987 1127 ignis.

164 1129 259 1195 Altos
283 1131 395 1196 deinde
419 1132 508 1196 lacus
532 1135 565 1194 et
586 1129 753 1217 flumina⁴)
775 1132 881 1196 limite
903 1129 1026 1216 cert05)

163 1217 324 1284 Dolucens
347 1221 483 1305 pelagus
506 1241 693 1285 concurrere
716 1220 812 1284 iussit
834 1221 869 1284 in
891 1217 1038 1305 unum⁶)‚

166 1307 329 1372 Oceanum
353 1308 477 1392 dicunt,
499 1312 605 1373 totum
628 1310 684 1393 qui
707 1309 823 1373 circuit
845 1305 1001 1394 orbem.⁷)

111 1418 150 1458 ero
164 1395 322 1481 Tempore
346 1418 384 1461 eo
406 1397 504 1462 tellus
529 1398 598 1462 sine
622 1399 765 1483 germine
788 1398 876 1461 nuda
899 1395 1098 1484 manebat8),

164 1483 325 1570 Ignorans
348 1490 474 1572 gratos,
497 1491 534 1551 ut
554 1508 639 1551 nunc
663 1486 761 1570 solet,
784 1486 877 1550 edere
900 1486 1039 1570 fructus,

164 1573 276 1638 Donec
299 1596 370 1639 eam
392 1576 493 1659 lignis
517 1579 629 1639 auctor
652 1575 822 1639 mandavit
845 1577 878 1638 ct
899 1574 1009 1639 herbis

165 1661 288 1728 Vestiri
309 1665 424 1746 variis,
447 1668 482 1728 et
503 1664 589 1749 quod
611 1664 824 1728 mandaverat
847 1667 955 1728 actum
979 1666 1037 1728 est.

164 1751 233 1817 Nec
256 1774 360 1833 mora,
384 1753 562 1837 procedunt
584 1757 732 1836 porrecte
755 1753 790 1817 in
812 1751 925 1816 nubila
947 1751 1055 1835 pinus,

112 1861 151 1901 eu
166 1838 260 1905 Stare
281 1863 384 1906 novas
408 1842 516 1907 subito
538 1841 648 1905 videas
671 1841 705 1905 in
728 1841 893 1906 montibus
917 1841 1025 1924 alnos,

164 1927 275 1993 Buxos
300 1933 333 1993 ct
355 1930 477 2013 patulis
500 1929 607 1994 ulmos
631 1950 824 2014 consurgere
847 1930 962 2013 ramis,

165 2015 256 2081 Stare
280 2019 381 2082 eciam
406 2019 534 2101 mutos,
557 2018 722 2102 platanos,
745 2018 871 2102 cedros,
894 2017 1082 2084 terebintoa

165 2104 248 2169 Tum
270 2107 411 2188 primum
434 2107 538 2170 cerasi
560 2106 741 2171 rubuerunt
763 2107 907 2192 germine
930 2106 1034 2191 fulvo,

166 2192 328 2277 Sentaque
351 2198 501 2278 castanee
524 2194 703 2259 didicerunt
724 2217 824 2280 poma
846 2195 968 2260 feraces

113 2304 153 2343 eso
167 2281 322 2368 Gignerc,
344 2287 414 2348 tum
437 2284 521 2350 flavo
544 2305 713 2349 canescere
736 2285 824 2349 mala
846 2285 954 2349 colore

167 2370 288 2458 Capera
312 2376 345 2437 et
365 2373 460 2458 nigra
484 2374 562 2438 bace
585 2372 758 2456 procedere
781 2374 886 2456 lauro,

165 2459 211 2526 Et
233 2462 361 2546 prodire
386 2461 453 2527 suis
477 2462 611 2547 glandes
635 2466 668 2526 et
692 2462 856 2546 amigdala
877 2461 986 2526 ramis.

166 2549 249 2614 Tum
271 2551 362 2635 pirus
387 2554 419 2615 et
441 2554 536 2635 pinus
560 2555 629 2616 tum
653 2551 790 2634 mespila
811 2550 1032 2634 fructificavit,

165 2637 321 2704 Balsama
343 2643 414 2704 tum
438 2644 471 2704 et
493 2641 591 2723 mirre
615 2640 771 2705 sudarunt
794 2639 910 2704 robore
934 2642 1040 2723 gutte,

112 2745 152 2785 eas
166 2725 271 2811 Thus,
295 2728 380 2812 aloe,
402 2729 524 2812 resina,
548 2729 644 2793 simul
667 2727 861 2812 tymiamata
883 2730 1011 2811 cuncte,

170 2813 238 2889 Qec
261 2816 404 2898 produnt
425 2838 575 2899 proceres
598 2817 803 2881 irritamenta
826 2817 965 2900 gulosos.

167 2899 283 2985 Dein9)
307 2904 368 2986 celi
390 2903 507 2967 faciem
530 2905 622 2969 vultu
645 2909 791 2987 spectare
815 2924 927 2968 sereno

239 3134 290 3183 600
309 3145 332 3184 c.
352 3128 387 3183 ab
406 3144 460 3184 esec
528 3134 579 3184 606
599 3146 622 3188 c.
641 3130 726 3185 Nceel
793 3136 845 3186 607
864 3147 887 3185 c.
906 3131 1022 3186 deinde
1084 3135 1138 3186 620
1159 3149 1184 3189 c.

170 3199 288 3270 Giapcrc
306 3199 339 3254 ut
356 3199 428 3255 falso
447 3199 589 3268 Btdinger
661 3206 713 3256 626
728 3202 863 3274 produnt]
883 3219 920 3257 an
934 3203 1073 3272 perducat?

238 3399 265 3464 1)
286 3393 353 3451 Gen.
375 3401 398 3463 1,
418 3401 441 3450 6.
515 3395 543 3464 2)
563 3394 630 3450 Gen.
652 3401 676 3463 1,
694 3401 719 3450 4.
740 3400 764 3450 6.
833 3397 860 3464 3)
880 3395 930 3452 Ov.
949 3396 1016 3455 Met.
1035 3397 1057 3467 Ι,
1076 3403 1111 3453 26
1121 3415 1185 3468 sqq.

166 3469 195 3590 Ἠ
213 3467 280 3522 Met.
299 3466 320 3534 Ι,
341 3472 374 3522 68
385 3485 425 3535 sq.
513 3467 539 3534 ὅ)
558 3467 661 3521 Lucan.
680 3465 701 3533 I,
720 3471 772 3521 215
784 3483 824 3536 sq.
909 3469 936 3538 6)
954 3467 1038 3523 Prud.
1056 3468 1087 3524 in
1105 3467 1184 3540 Sym.

197 3543 282 3605 ,776
340 3537 454 3605 7)Gen.
475 3542 498 3604 1,
519 3542 560 3591 11.
616 3537 897 3606 8)Gen.1‚14sqq.
958 3541 985 3607 9)
1004 3539 1073 3594 Gen.
1093 3545 1119 3608 1,
1139 3545 1184 3597 12.
