2600 4044
544 213 654 268 LIBER
672 214 718 271 IV.
1099 216 1139 279 87

126 371 291 461 15115551)
317 370 481 440 absentes:
504 374 629 459 ‚‚Fluax,
652 399 686 442 55
709 376 841 442 furcifer
863 374 952 464 ille2)
1142 395 1181 436 245

126 464 305 527 Auctumat
328 485 397 528 esse
420 465 558 546 probum
582 461 791 551 palponum³)
815 465 909 529 laude
932 467 1104 549 probatus!

125 550 287 635 insipiens
311 551 383 616 51555
407 551 480 634 plus
505 553 608 617 credit
631 575 728 637 quam
752 553 816 618 sibi
840 553 879 618 de
902 551 1002 638 se!“⁴)

125 639 297 725 Evigilans
320 640 451 705 tandem
476 640 569 705 sodes
594 641 699 706 ordire
724 641 903 706 modestam

124 727 247 793 Vitam.
291 727 355 812 „Ni
377 728 487 812 fallor,
511 729 591 793 mihi
613 729 662 794 555
687 731 813 795 auferre
836 731 979 813 leporem

125 816 328 881 Mundanum
350 817 523 900 penitus?“
568 817 666 902 Vere,
690 818 765 901 quia
788 823 933 903 tempore
957 841 1058 903 parvo
1141 837 1181 878 555

125 904 306 970 Nobiscum
330 905 448 970 durant
471 906 586 989 liquidi
609 906 828 972 oblectamina
852 907 972 974 mundi.

125 993 227 1058 Albin
250 994 407 1059 bellorum
431 993 530 1059 studii
552 995 676 1060 tedebit
698 994 859 1078 Athenas,

125 1081 409 1167 Franeigenarque
432 1105 537 1148 mares
559 1083 656 1148 lentis
680 1089 786 1168 girere
810 1084 936 1169 pigebit

126 1167 280 1255 Spadices
302 1171 381 1235 loris
406 1193 599 1255 operamque
624 1172 697 1236 citis
721 1173 797 1237 dare
822 1170 996 1259 glaucis5),

125 1258 232 1343 Seque
255 1257 464 1342 Neoptolemi
486 1261 680 1344 resipiscent
703 1261 817 1326 dedere
841 1261 938 1342 ludis,
1140 1279 1179 1319 555

126 1345 343 1432 Gymnasium
367 1352 399 1412 55
422 1348 527 1432 peltas
550 1353 584 1413 et
606 1352 713 1415 555555
735 1350 816 1414 55155
839 1353 969 1432 ponent.

125 1435 243 1501 Omnia
266 1437 425 1520 presentis
449 1438 623 1503 cessabunt
645 1437 768 1502 ludicra
791 1438 872 1520 5555,
925 1478 927 1486 ·

124 1523 193 1608 Quo
217 1525 364 1608 quisquis
387 1526 506 1609 probat
529 1547 599 1590 5555
622 1526 674 1591 dei
696 1525 899 1591 convincitur
920 1527 1035 1592 hostis.

124 1613 229 1678 Nemo
253 1616 363 1697 potest
385 1614 524 1679 dominis
547 1615 671 1697 pariter
694 1615 814 1680 servire
837 1614 971 1680 duobus.

125 1699 242 1785 Spreta
264 1703 371 1786 magis
394 1703 498 1767 tribur
522 1706 573 1767 555
594 1703 704 1767 infesti
727 1705 816 1768 curia
837 1700 939 1787 regis,
1139 1723 1179 1762 555

124 1789 265 1856 Infantis
289 1794 463 1876 postquam
486 1791 591 1857 555555
614 1791 789 1875 crepundia
812 1792 937 1856 summi.

125 1878 216 1944 Haut
240 1900 331 1944 secus
355 1879 525 1944 ecclesiam
548 1881 602 1963 qui
626 1881 693 1944 veri
715 1880 872 1965 principis
896 1880 1004 1944 aulam

124 1965 195 2031 Iam
218 1966 309 2052 visit,
331 1968 444 2033 mundi
468 1990 558 2052 spem
581 1973 715 2052 respuat
738 1972 834 2053 atque
858 1967 1017 2034 timorem.

124 2055 216 2120 Felix
238 2062 426 2141 pauperina,
450 2078 512 2140 quo
535 2079 594 2122 nec
611 2057 734 2123 metuis
757 2079 860 2141 neque
885 2057 1010 2141 sperasl

125 2143 187 2224 [Bo
211 2196 218 2209 .
243 2195 250 2208 .
274 2195 281 2208 .
306 2195 313 2209 .
338 2147 386 2225 5]5
411 2143 515 2231 Stigie
540 2147 669 2230 cepioni
691 2149 821 2211 terrena
844 2144 1017 2210 inhiantes.
1138 2164 1177 2204 555

141 2229 293 2320 Uxor(?)
317 2232 403 2298 Loth
414 2231 460 2320 (2)
484 2235 546 2315 551]
573 2234 663 2298 faeta
687 2239 799 2300 monet
821 2256 862 2298 ne
884 2232 1137 2320 respiciamus.⁶)

138 2320 310 2403 Quocirca]
335 2321 439 2406 quivis
464 2322 504 2386 ad
528 2344 637 2387 veram
660 2324 790 2388 tendere
815 2319 964 2408 Segorl),

123 2411 252 2494 Respue
276 2432 354 2493 opes
377 2411 491 2495 falsae,
514 2410 591 2497 fuge
615 2431 690 2474 5555
712 2412 849 2495 negocia
871 2410 996 2494 mundi,

0 2486 1 2553 l
123 2499 207 2563 llluo
229 2497 401 2583 festinans,
424 2499 481 2564 ubi
503 2521 578 2564 5555
602 2498 715 2581 divicie
739 2503 837 2583 atque

0 2598 1 2601 ’
125 2585 251 2652 Gaudia
274 2609 351 2652 vera
374 2591 520 2671 manent,
544 2588 636 2652 dolor
659 2592 709 2652 555
731 2588 787 2652 ubi
809 2586 931 2670 nullus,
954 2586 1011 2651 ubi
1033 2609 1093 2652 nee
1138 2606 1178 2644 555

5 2705 6 2710 ¹
123 2674 254 2760 Papilio
279 2677 381 2741 solem
404 2699 463 2742 nec
486 2676 600 2761 tegula
623 2675 765 2740 dimovet
787 2676 950 2760 ymbrem,

122 2763 228 2829 Nemo
253 2765 329 2850 gelu
352 2765 511 2850 quatitur,
533 2786 627 2829 nemo
651 2769 795 2830 torretur
818 2765 859 2829 ab
883 2767 968 2848 5555,

122 2852 219 2918 Pacis
241 2853 299 2917 ubi
321 2875 395 2918 5555
418 2855 508 2918 15555
532 2858 582 2918 555
604 2853 734 2938 viteque
756 2853 917 2938 perennis.

122 2939 172 3005 Ne
197 2941 300 3026 dicas,
323 2964 394 3007 cras
417 2942 570 3026 incipiam
590 2941 676 3023 bene
699 2942 821 3026 555555,
845 2942 900 3006 sed
924 2963 1009 3007 nunc

193 3139 246 3188 245
272 3134 444 3188 Auctionem
565 3138 616 3188 251
646 3150 670 3186 5.
698 3134 798 3189 duvrent
919 3138 971 3188 258
999 3150 1022 3187 5.
1049 3135 1137 3188 bootes

120 3209 174 3330 ἐξ
185 3220 245 3330 seqtq.
265 3203 344 3259 nucis
362 3204 472 3260 inclusa
489 3205 601 3259 macula
618 3220 706 3274 paene
726 3203 873 3274 deperdita
944 3209 997 3259 270
1016 3220 1038 3258 c.
1058 3205 1136 3260 dolor

193 3435 220 3502 1)
239 3435 305 3489 Hor.
320 3435 371 3504 Ep.
390 3434 425 3500 11,
441 3441 464 3503 3,
482 3440 542 3488 113.
592 3435 619 3504 2)
640 3434 698 3488 Sat.
713 3433 748 3502 11,
765 3439 790 3500 7,
805 3439 848 3488 22.
897 3436 924 3500 3)
943 3432 1017 3488 Ρ555.
1033 3433 1067 3501 V,
1084 3439 1134 3488 176

120 3507 150 3560 55
169 3504 256 3560 schol.
360 3510 388 3576 4)
408 3505 522 3560 Catonis
541 3505 605 3560 diet.
625 3504 645 3572 I,
666 3509 708 3574 14,
727 3510 753 3559 2.
856 3508 883 3573 5)
903 3503 1003 3574 Georg.
1023 3503 1071 3572 111,
1092 3510 1135 3559 82.

121 3579 148 3646 5)
167 3577 235 3633 Gen.
257 3581 299 3646 19,
318 3582 361 3633 55.
441 3580 468 3645 5)
487 3576 555 3634 Gen.
575 3583 618 3645 19,
637 3581 680 3631 eo.
