2600 4044
172 193 216 258 46
542 189 649 247 SEXTI
667 187 821 244 AMARCII

173 353 350 439 Oonamur,
373 354 424 418 bis
448 376 504 418 sex
528 353 622 419 obliti
646 350 890 437 discipulorum,
983 409 984 415 ,

132 463 159 503 ee
174 443 235 520 Qui
257 465 324 508 non
347 447 511 508 terrenum
535 442 731 507 dubitabant
754 461 902 526 spernere
926 462 1058 506 censum

171 532 419 616 Ruderibusque
444 553 559 597 eanum
583 552 740 616 muooque
765 551 881 615 equare
905 529 1034 596 tenaei‘?

173 618 313 686 Credula
335 621 428 704 plebs
451 621 604 706 quiequid
628 619 810 703 preciosum
834 618 973 683 eontulit
996 619 1076 702 illis,

171 709 224 774 Ad
247 712 378 794 plantas
402 711 526 793 posuit,
547 708 729 790 reverentia
753 707 806 772 dia
828 707 988 791 priorum,

170 798 323 884 Pupillis,
346 797 464 883 viduis,
487 797 667 882 peregrinis
692 796 963 861 distribuendum!

132 906 158 946 aa
172 885 315 972 Quisque
340 887 399 952 deo
423 891 587 952 assuescat
610 887 699 969 dare,
723 886 767 950 sit
790 886 871 951 bene
893 885 1049 970 prodigus
1073 908 1145 952 usu.

173 974 236 1040 Seu
259 977 345 1042 bona
369 997 425 1041 seu
449 975 536 1040 mala
560 976 638 1060 sint,
663 975 783 1039 durant
806 976 962 1058 concepta
985 997 1043 1059 per
1067 998 1173 1040 usum.

172 1063 277 1140 Quam
299 1065 402 1130 flectis
426 1065 565 1148 virgam,
589 1065 693 1128 ventis
716 1063 837 1128 invicta
859 1063 898 1127 fit
921 1062 1027 1128 arbor.

171 1152 248 1219 Non
272 1153 398 1219 modico
422 1153 548 1218 fervore
572 1152 624 1216 dei
645 1151 840 1217 Laurentius
864 1150 980 1216 ardens

171 1241 327 1307 Primoris
351 1242 457 1328 cupidi
481 1242 569 1306 iecur
591 1241 783 1306 insaciabile
805 1239 920 1304 ludens

132 1349 159 1388 40
172 1329 298 1395 Ferri
288 1353 323 1395 m
347 1331 503 1396 eraticula
527 1330 701 1396 crudeliter
723 1329 865 1414 oppeciit
888 1329 973 1412 quod

172 1418 320 1484 Tradidit
306 1419 484 1504 tindignis
509 1418 698 1504 crepitantis
722 1418 807 1483 dona
830 1421 960 1500 monete

173 1507 242 1584 Que
267 1509 329 1574 sibi
354 1509 489 1573 dilectus
513 1509 654 1573 moriens
678 1506 840 1571 mandrita
805 1506 994 1590 treliquit
1000 1503 1037 1590 1,)

172 1595 272 1662 Senot
258 1601 366 1662 torum
390 1598 520 1663 auditor
541 1619 608 1662 non
631 1596 747 1662 surdus
770 1594 902 1660 mandat
888 1599 1009 1674 t‚orum

173 1685 240 1762 Que
264 1685 414 1752 dominus
438 1685 598 1752 mandans
622 1707 692 1750 sese
716 1685 815 1751 comit
816 1687 873 1748 ant
801 1683 979 1748 ttibus
970 1685 1075 1768 lnquit
1081 1681 1123 1772 ²:)

129 1793 157 1833 45
171 1774 340 1858 „Terrenis
364 1779 490 1840 vestros
514 1796 629 1839 moneo
653 1774 799 1839 desistite
823 1772 913 1838 cellis

172 1861 309 1929 Credere
335 1865 520 1944 thesauros,
543 1863 600 1928 ubi
623 1867 729 1928 restes
754 1861 875 1927 murice
898 1861 1017 1927 tinetas
1066 1860 1073 1871 '

171 1951 388 2036 Arrepentum
413 1951 505 2017 avide
528 1952 690 2017 tinearum
714 1955 847 2035 guttura
869 1953 1035 2036 rumpunt,

170 2039 419 2125 Degeneratque
442 2040 556 2106 elamis
580 2040 709 2105 Milesia
732 2041 850 2105 vellere
873 2036 981 2126 oaro³)

171 2128 272 2213 Neta,
297 2129 353 2194 sed
377 2134 409 2194 et
431 2129 571 2194 rutilans
595 2129 681 2212 perit
705 2151 818 2194 aurum
842 2128 976 2214 erugine
1001 2128 1129 2214 scabra,

130 2236 157 2275 5⁰
170 2217 307 2302 Insuper
331 2223 364 2283 et
386 2218 472 2282 furvi
495 2217 594 2282 ditem
617 2217 705 2282 fures
729 2223 899 2302 apoteeam

170 2307 367 2394 Derastant3
385 2308 499 2410 potius
521 2307 706 2390 thesauros,
730 2307 877 2391 oonsulo,
901 2310 1025 2370 vestros

170 2359 391 2462 Transferte'
325 2400 417 2461 tm
441 2397 542 2480 celos,
564 2395 622 2460 ubi
645 2398 764 2461 vermis
786 2417 855 2462 non
878 2400 988 2460 manet
974 2395 1109 2474 t,ullus

169 2484 318 2569 Termes,
342 2473 508 2571 gurguli0,
532 2483 680 2570 brucus4)
704 2485 892 2588 ricinusquo
913 2485 1026 2569 procul
1050 2445 1161 2550 surit.“

169 2573 240 2639 Hee
264 2575 383 2640 seimus
408 2575 463 2640 sed
485 2595 552 2639 non
574 2575 729 2658 sapimus,
752 2575 828 2658 quia
851 2595 918 2638 non
940 2573 1086 2658 facimus,
1109 2595 1188 2642 nam

129 2678 155 2718 ⁵⁵
169 2660 230 2727 Ille
254 2664 341 2748 sapit
363 2685 438 2728 vere
462 2663 531 2749 qui,
555 2685 616 2748 que
641 2663 703 2728 seit
726 2663 865 2748 agenda,
889 2661 966 2748 agit
1012 2661 1102 2746 Ergo

168 2748 278 2836 Larga
301 2773 415 2818 manus
440 2753 556 2838 grandi
579 2752 746 2836 marsupia
768 2751 878 2815 fenore
901 2753 998 2836 plena

169 2838 371 2924 pauperem)
418 2841 586 2906 Abraham
610 2841 740 2906 domino
764 2843 906 2904 mantare
929 2840 1061 2905 volebat

169 2926 331 2992 Heredem
355 2950 477 3013 serum,
500 2933 533 2994 et
555 2951 616 2994 nos
639 2950 706 2994 non
729 2929 842 2994 damus
868 2931 990 3013 extera,
1019 2950 1075 2993 eur
1097 2929 1189 2994 non?

170 3015 205 3082 si
227 3020 357 3081 terrena
380 3017 508 3101 damus,
532 3018 664 3082 celestia
688 3018 913 3102 suscipiemus,

241 3234 275 3283 37
294 3227 338 3299 fit]
357 3233 369 3281 t
385 3225 463 3297 prius
482 3243 496 3282 e
568 3231 602 3281 53
622 3243 644 3282 o.
663 3233 768 3283 tarmus

168 3356 382 3366 ...-..-..---

242 3427 268 3493 1)
287 3422 369 3478 Prud.
389 3420 666 3490 Perisr.11,ar-ee.
724 3423 752 3492 2)
770 3421 870 3478 Matth.
886 3428 910 3488 6,
927 3428 967 3476 19.
984 3428 1030 3490 203
1050 3420 1084 3478 of.
1099 3421 1188 3481 Prud.

169 3496 269 3566 Psyeh.
285 3500 345 3550 600.
401 3495 428 3562 3)
448 3493 549 3562 Georg.
563 3493 611 3560 ΙΙΙ,
626 3500 678 3548 306
689 3511 730 3562 sq.
785 3497 812 3563 4)
833 3493 866 3550 cf.
881 3494 964 3548 Prud.
979 3494 1106 3548 Hamart.
1122 3501 1188 3552 228.

169 3570 196 3638 ὁ)
215 3567 280 3621 Hor.
302 3566 356 3620 Sat
377 3565 412 3631 ΙΙ,
433 3570 458 3632 5,
478 3571 512 3620 36
531 3567 560 3618 et
578 3565 662 3619 sehol.
683 3563 784 3620 Acron.
