2570 4044
544 241 654 296 LIBER
672 243 705 295 ll.

114 403 177 480 Qui
202 403 230 467 si
253 402 387 468 desueto
411 405 593 488 gustaverit
615 425 670 468 ore
694 402 888 490 cruorem1),

115 493 186 558 Nec
208 497 300 557 tutus
324 491 389 556 dux
411 492 481 576 ipse
504 497 624 558 manet
670 490 705 556 si
726 514 858 578 pascere
880 498 1020 579 temptes

113 582 203 647 Pane
225 583 354 667 lupum,
376 581 511 646 tandem
533 581 649 666 perdes
673 603 818 665 operam:
842 581 950 667 Magis
974 605 1059 668 agno

114 669 230 747 Querit
252 675 286 735 et
308 670 479 735 anseribus
501 672 602 754 pasci.
647 669 683 735 Si
706 670 842 754 denique
865 671 964 736 tollas

113 759 217 844 Inque
239 759 313 823 sinu
334 758 449 824 foveas
471 759 682 845 languentem
705 760 817 844 algore
840 760 1024 843 colubrum,
1144 779 1186 818 4⁵0

113 848 192 914 Mox
215 848 273 912 ubi
294 848 335 911 fit
357 847 495 930 calidus,
517 847 621 913 canda
643 852 676 912 te
698 848 841 934 perfidus
865 853 966 934 angit.

114 936 275 1002 Naturam
298 958 428 1001 servare
451 958 544 1001 suam
566 942 687 1002 norunt
710 938 854 1002 animata

114 1025 245 1108 Cetera,
269 1026 361 1090 solus
384 1026 483 1090 homo
507 1027 579 1111 quis
602 1027 735 1090 sitnon
756 1027 829 1091 vult
851 1027 1047 1092 meminisse.

114 1113 185 1198 Hpc
209 1115 251 1179 ad
273 1113 390 1178 Iudeos
414 1115 535 1180 dixisse
558 1119 612 1179 sat
634 1120 698 1197 est,
719 1135 825 1200 neque
848 1117 933 1180 enim
955 1114 1043 1180 istud

114 1202 294 1268 Tantillum
317 1203 407 1267 surdi
429 1208 545 1268 emant
567 1203 747 1288 attendere,
769 1226 909 1288 namque
1145 1222 1186 1262 455

113 1291 161 1358 Ut
183 1314 283 1376 supra
306 1291 387 1374 dixi,
410 1293 458 1356 sic
480 1296 615 1378 pectora
637 1293 723 1357 ludit
745 1314 857 1359 eorum

114 1382 280 1466 Antiquos
304 1402 449 1466 serpens,
471 1387 509 1446 ut
530 1403 630 1465 praue
653 1383 761 1446 vivere
784 1382 915 1466 malint;

115 1469 226 1535 Hocce
248 1491 306 1553 per
327 1470 485 1535 invidiam
506 1470 587 1536 facit
610 1473 660 1554 ut,
683 1471 760 1554 quia
783 1471 925 1536 concidit
946 1472 1017 1556 ipse

114 1558 164 1623 De
189 1559 316 1645 superis
338 1580 397 1643 per
418 1559 540 1640 fastum
559 1563 593 1623 et
609 1562 760 1643 apostata
779 1580 907 1643 semper
924 1561 959 1623 in
977 1561 1053 1645 igne
1073 1564 1132 1646 est,

116 1646 260 1712 Arsurus
283 1646 392 1730 plures
415 1648 537 1712 habeat
560 1648 666 1712 socios
689 1647 860 1712 cruciatus.
1146 1666 1186 1705 460

115 1735 202 1801 Nam
225 1739 396 1801 contentus
420 1737 467 1801 eis
489 1759 556 1801 non
580 1740 643 1821 est,
667 1758 747 1821 quos
770 1737 859 1801 iusta
880 1739 1026 1802 tonantis

114 1823 253 1909 Depulit
274 1826 325 1889 ira
347 1825 439 1910 polo,
457 1825 539 1978 puio
561 1847 751 1890 consensere
774 1825 947 1911 magistro:

114 1913 281 1979 Demonus
305 1914 457 1997 appellan
476 1966 486 1998 ,
508 1913 544 1978 hi
566 1918 639 1980 toto
663 1915 814 1999 quicquid
836 1917 872 1978 in
895 1915 974 1981 orbe

114 2002 272 2068 Patratur
295 2003 426 2067 sceleris
450 2003 588 2067 suadent
610 2007 643 2068 et
665 2005 732 2068 tela
754 2004 874 2068 furoris

114 2089 344 2177 Suppeditant,
365 2091 547 2157 fraternum
570 2092 694 2176 odium,
718 2093 826 2158 civilia
849 2094 949 2176 bella,
1145 2109 1185 2150 ⁴6⁵

114 2179 327 2264 Prestigium,
349 2180 493 2266 fraudes,
516 2181 672 2265 periuria,
693 2181 795 2265 furta,
816 2182 961 2266 rapinas,

114 2267 270 2334 Sensibus
293 2267 469 2356 illudunt²)
491 2269 673 2352 hominum,
695 2293 935 2356 numquamque
958 2270 1069 2334 fideles

114 2358 292 2422 Absistunt
316 2381 335 2423 a
358 2359 440 2423 calle
463 2359 542 2423 boni
565 2359 715 2424 seducere
739 2363 874 2423 mentes.

115 2445 315 2513 Concessum
338 2451 449 2512 tamen
471 2447 524 2511 his
547 2469 613 2512 non
638 2452 689 2512 est
711 2447 891 2530 penetralia
915 2447 1021 2512 cordis

113 2531 289 2621 Rimari³),
312 2535 367 2601 sed
390 2536 467 2601 dum
490 2536 603 2602 deluso
625 2540 757 2620 pectore
781 2557 907 2614 sensus,
1146 2554 1186 2592 4⁷0

113 2623 252 2702 Gustus,
276 2624 445 2708 odoratus,
469 2625 612 2708 auditus,
635 2624 732 2708 sisic,
755 2628 863 2690 tactus

113 2711 304 2779 Blandicias
328 2735 398 2778 sese
420 2714 604 2779 iaculantur
626 2713 668 2779 ad
691 2714 879 2791 exteriores

112 2801 253 2885 Experti
276 2801 381 2868 cordis
403 2803 464 2867 tali
487 2803 705 2868 oblectamine
728 2825 878 2869 somnum

111 2890 303 2956 Adveniunt
324 2894 516 2975 ceptumque
539 2893 661 2957 malum
684 2892 856 2978 perducere
879 2895 1051 2976 temptant.

111 2978 240 3045 Horum
264 2984 340 3044 sunt
363 2980 443 3045 socii
466 3002 547 3065 quos
570 2980 691 3064 invidie
715 2983 877 3047 scelerosa
1145 2997 1185 3037 ⁴⁷5

110 3067 175 3135 Est
198 3068 283 3134 bilis.
328 3068 463 3134 Mordax
486 3071 574 3134 bona
596 3069 735 3154 dissipat
757 3071 867 3135 omnia
888 3069 980 3135 livor.

112 3203 330 3214 ———-—·-

186 3283 239 3333 ns
257 3278 302 3350 ut]
320 3278 413 3349 prima
430 3265 528 3334 rutero
545 3279 624 3335 velue
641 3296 662 3333 e
681 3279 766 3334 scau
784 3279 879 3349 coepit
959 3283 1011 3334 us
1027 3295 1050 3334 e.
1065 3258 1132 3350 loos

186 3459 213 3524 1)
232 3456 302 3511 Aen.
321 3454 354 3524 X,
374 3462 434 3511 349.
529 3459 556 3524 2)
575 3462 627 3512 466
638 3475 678 3525 sq.
698 3473 713 3511 e
733 3456 835 3511 Alcimi
852 3458 904 3513 Av.
923 3457 953 3514 Ο.
972 3455 1007 3523 V,
1025 3462 1077 3511 472
1088 3475 1130 3528 sq.

109 3533 139 3598 3)
158 3527 270 3583 luvenc.
289 3526 356 3582 hist.
374 3544 417 3583 ev.
436 3525 484 3594 IV,
504 3534 528 3583 7.
553 3527 587 3582 cf.
608 3527 690 3582 Prud.
709 3529 836 3583 Hamart.
855 3534 916 3586 542.

540 3673 701 3682 ——.
