<?xml version="1.0" encoding="UTF-8"?>
<!DOCTYPE html PUBLIC "-//W3C//DTD XHTML 1.0 Transitional//EN"
    "http://www.w3.org/TR/xhtml1/DTD/xhtml1-transitional.dtd">
<html xmlns="http://www.w3.org/1999/xhtml" xml:lang="en" lang="en">
 <head>
  <title>
</title>
<meta http-equiv="Content-Type" content="text/html;charset=utf-8" />
  <meta name='ocr-system' content='tesseract 3.04.00' />
  <meta name='ocr-capabilities' content='ocr_page ocr_carea ocr_par ocr_line ocrx_word'/>
</head>
<body>
  <div class='ocr_page' id='page_1' title='image "./sextiamarciigal01manigoog_0112.png"; bbox 0 0 2600 4044; ppageno 0'>
   <div class='ocr_carea' id='block_1_1' title="bbox 539 219 1136 284">
    <p class='ocr_par' dir='ltr' id='par_1_1' title="bbox 539 219 1136 284">
     <span class='ocr_line' id='line_1_1' title="bbox 539 219 1136 284; baseline -0.013 -10"><span class='ocrx_word' id='word_1_1' title='bbox 539 221 649 276; x_wconf 78' lang='lat' dir='ltr'><strong>urana</strong></span> <span class='ocrx_word' id='word_1_2' title='bbox 667 219 713 274; x_wconf 81' lang='lat' dir='ltr'><strong>m.</strong></span> <span class='ocrx_word' id='word_1_3' title='bbox 1093 219 1136 284; x_wconf 83' lang='lat'><strong>85</strong></span> 
     </span>
    </p>
   </div>
   <div class='ocr_carea' id='block_1_2' title="bbox 107 381 1193 3128">
    <p class='ocr_par' dir='ltr' id='par_1_2' title="bbox 122 381 1190 644">
     <span class='ocr_line' id='line_1_2' title="bbox 124 381 1190 467; baseline -0.002 -17"><span class='ocrx_word' id='word_1_4' title='bbox 124 383 188 450; x_wconf 83' lang='lat' dir='ltr'><strong>Sed</strong></span> <span class='ocrx_word' id='word_1_5' title='bbox 212 404 271 466; x_wconf 88' lang='lat' dir='ltr'><strong>pro</strong></span> <span class='ocrx_word' id='word_1_6' title='bbox 295 385 367 447; x_wconf 89' lang='lat' dir='ltr'><strong>toto</strong></span> <span class='ocrx_word' id='word_1_7' title='bbox 391 381 534 446; x_wconf 89' lang='lat' dir='ltr'><strong>animam</strong></span> <span class='ocrx_word' id='word_1_8' title='bbox 559 383 635 467; x_wconf 89' lang='lat' dir='ltr'><strong>quid</strong></span> <span class='ocrx_word' id='word_1_9' title='bbox 657 381 791 466; x_wconf 88' lang='lat' dir='ltr'><strong>prodest</strong></span> <span class='ocrx_word' id='word_1_10' title='bbox 814 381 947 465; x_wconf 85' lang='lat' dir='ltr'>perdere</span> <span class='ocrx_word' id='word_1_11' title='bbox 969 382 1112 448; x_wconf 81' lang='lat' dir='ltr'><strong>mundo?</strong></span> <span class='ocrx_word' id='word_1_12' title='bbox 1152 401 1190 440; x_wconf 78' lang='lat'><strong>18⁵</strong></span> 
     </span>
     <span class='ocr_line' id='line_1_3' title="bbox 122 468 1037 556; baseline -0.002 -19"><span class='ocrx_word' id='word_1_13' title='bbox 122 471 330 556; x_wconf 75' lang='lat' dir='ltr'><strong>capadocum</strong></span> <span class='ocrx_word' id='word_1_14' title='bbox 352 471 443 554; x_wconf 82' lang='lat' dir='ltr'><strong>regio</strong></span> <span class='ocrx_word' id='word_1_15' title='bbox 467 471 529 534; x_wconf 89' lang='lat' dir='ltr'><strong>tibi</strong></span> <span class='ocrx_word' id='word_1_16' title='bbox 552 470 706 556; x_wconf 85' lang='lat' dir='ltr'><strong>serviat¹)</strong></span> <span class='ocrx_word' id='word_1_17' title='bbox 731 476 764 536; x_wconf 88' lang='lat' dir='ltr'><strong>et</strong></span> <span class='ocrx_word' id='word_1_18' title='bbox 787 468 1037 552; x_wconf 73' lang='lat' dir='ltr'><strong>Garamantum,</strong></span> 
     </span>
     <span class='ocr_line' id='line_1_4' title="bbox 122 558 976 644; baseline -0.002 -18"><span class='ocrx_word' id='word_1_19' title='bbox 122 561 260 644; x_wconf 82' lang='lat' dir='ltr'>Insuper</span> <span class='ocrx_word' id='word_1_20' title='bbox 282 559 407 641; x_wconf 74' lang='lat' dir='ltr'><strong>Assiriq</strong></span> <span class='ocrx_word' id='word_1_21' title='bbox 431 563 654 644; x_wconf 76' lang='lat' dir='ltr'><strong>gemetque</strong></span> <span class='ocrx_word' id='word_1_22' title='bbox 678 563 772 644; x_wconf 83' lang='lat' dir='ltr'><strong>pot-at</strong></span> <span class='ocrx_word' id='word_1_23' title='bbox 794 558 976 644; x_wconf 88' lang='lat' dir='ltr'><strong>Hidaspen,</strong></span> 
     </span>
    </p>

    <p class='ocr_par' dir='ltr' id='par_1_3' title="bbox 123 647 932 733">
     <span class='ocr_line' id='line_1_5' title="bbox 123 647 932 733; baseline -0.002 -19"><span class='ocrx_word' id='word_1_24' title='bbox 123 650 271 732; x_wconf 89' lang='lat' dir='ltr'><strong>Denique</strong></span> <span class='ocrx_word' id='word_1_25' title='bbox 295 648 323 712; x_wconf 91' lang='lat' dir='ltr'><strong>si</strong></span> <span class='ocrx_word' id='word_1_26' title='bbox 347 647 499 733; x_wconf 90' lang='lat' dir='ltr'><strong>quicquid</strong></span> <span class='ocrx_word' id='word_1_27' title='bbox 522 649 583 713; x_wconf 90' lang='lat' dir='ltr'><strong>sub</strong></span> <span class='ocrx_word' id='word_1_28' title='bbox 607 648 669 731; x_wconf 72' lang='lat' dir='ltr'><strong>aeli</strong></span> <span class='ocrx_word' id='word_1_29' title='bbox 690 647 837 712; x_wconf 88' lang='lat' dir='ltr'><strong>nascitur</strong></span> <span class='ocrx_word' id='word_1_30' title='bbox 859 670 932 733; x_wconf 86' lang='lat' dir='ltr'><strong>axe,</strong></span> 
     </span>
    </p>

    <p class='ocr_par' dir='ltr' id='par_1_4' title="bbox 123 734 1030 822">
     <span class='ocr_line' id='line_1_6' title="bbox 123 734 1030 822; baseline -0.003 -19"><span class='ocrx_word' id='word_1_31' title='bbox 123 738 170 803; x_wconf 81' lang='lat' dir='ltr'><strong>Te</strong></span> <span class='ocrx_word' id='word_1_32' title='bbox 191 740 325 802; x_wconf 89' lang='lat' dir='ltr'><strong>tremat:</strong></span> <span class='ocrx_word' id='word_1_33' title='bbox 348 737 400 800; x_wconf 90' lang='lat' dir='ltr'><strong>lre</strong></span> <span class='ocrx_word' id='word_1_34' title='bbox 422 740 532 800; x_wconf 81' lang='lat' dir='ltr'><strong>tamen</strong></span> <span class='ocrx_word' id='word_1_35' title='bbox 555 759 619 822; x_wconf 92' lang='lat' dir='ltr'><strong>quo</strong></span> <span class='ocrx_word' id='word_1_36' title='bbox 643 736 747 801; x_wconf 89' lang='lat' dir='ltr'><strong>Iulius</strong></span> <span class='ocrx_word' id='word_1_37' title='bbox 770 737 832 802; x_wconf 87' lang='lat' dir='ltr'><strong>ivit</strong></span> <span class='ocrx_word' id='word_1_38' title='bbox 855 734 1030 822; x_wconf 76' lang='lat' dir='ltr'><strong>oportet²)‚</strong></span> 
     </span>
    </p>

    <p class='ocr_par' dir='ltr' id='par_1_5' title="bbox 122 825 1190 1087">
     <span class='ocr_line' id='line_1_7' title="bbox 122 825 1190 910; baseline -0.002 -18"><span class='ocrx_word' id='word_1_39' title='bbox 122 827 251 910; x_wconf 79' lang='lat' dir='ltr'><strong>Exiguo</strong></span> <span class='ocrx_word' id='word_1_40' title='bbox 274 825 385 890; x_wconf 89' lang='lat' dir='ltr'><strong>mundi</strong></span> <span class='ocrx_word' id='word_1_41' title='bbox 408 825 600 890; x_wconf 88' lang='lat' dir='ltr'><strong>monarchos</strong></span> <span class='ocrx_word' id='word_1_42' title='bbox 624 825 785 891; x_wconf 81' lang='lat' dir='ltr'><strong>clauditur</strong></span> <span class='ocrx_word' id='word_1_43' title='bbox 808 829 916 909; x_wconf 88' lang='lat' dir='ltr'><strong>antro,</strong></span> <span class='ocrx_word' id='word_1_44' title='bbox 1152 843 1190 882; x_wconf 76' lang='lat'><strong>190</strong></span> 
     </span>
     <span class='ocr_line' id='line_1_8' title="bbox 123 911 976 999; baseline -0.001 -19"><span class='ocrx_word' id='word_1_45' title='bbox 123 914 185 980; x_wconf 84' lang='lat' dir='ltr'><strong>Oui</strong></span> <span class='ocrx_word' id='word_1_46' title='bbox 208 913 370 998; x_wconf 78' lang='lat' dir='ltr'><strong>Spurinna</strong></span> <span class='ocrx_word' id='word_1_47' title='bbox 392 913 455 978; x_wconf 79' lang='lat' dir='ltr'><strong>fuit</strong></span> <span class='ocrx_word' id='word_1_48' title='bbox 477 915 565 978; x_wconf 88' lang='lat' dir='ltr'><strong>necis</strong></span> <span class='ocrx_word' id='word_1_49' title='bbox 589 917 622 978; x_wconf 88' lang='lat' dir='ltr'><strong>et</strong></span> <span class='ocrx_word' id='word_1_50' title='bbox 646 912 822 999; x_wconf 86' lang='lat' dir='ltr'><strong>Calpurnia</strong></span> <span class='ocrx_word' id='word_1_51' title='bbox 844 911 976 998; x_wconf 77' lang='lat' dir='ltr'><strong>vates.⁸)</strong></span> 
     </span>
     <span class='ocr_line' id='line_1_9' title="bbox 122 1002 986 1087; baseline -0.002 -19"><span class='ocrx_word' id='word_1_52' title='bbox 122 1002 334 1087; x_wconf 87' lang='lat' dir='ltr'><strong>Herodesque</strong></span> <span class='ocrx_word' id='word_1_53' title='bbox 358 1002 453 1086; x_wconf 86' lang='lat' dir='ltr'><strong>abiit,</strong></span> <span class='ocrx_word' id='word_1_54' title='bbox 476 1024 572 1086; x_wconf 91' lang='lat' dir='ltr'><strong>quem</strong></span> <span class='ocrx_word' id='word_1_55' title='bbox 595 1003 697 1067; x_wconf 86' lang='lat' dir='ltr'><strong>virtus</strong></span> <span class='ocrx_word' id='word_1_56' title='bbox 721 1024 848 1068; x_wconf 88' lang='lat' dir='ltr'><strong>summa</strong></span> <span class='ocrx_word' id='word_1_57' title='bbox 869 1003 986 1068; x_wconf 88' lang='lat' dir='ltr'><strong>cecidit</strong></span> 
     </span>
    </p>

    <p class='ocr_par' dir='ltr' id='par_1_6' title="bbox 123 1089 922 1177">
     <span class='ocr_line' id='line_1_10' title="bbox 123 1089 922 1177; baseline 0 -21"><span class='ocrx_word' id='word_1_58' title='bbox 123 1091 260 1176; x_wconf 72' lang='lat' dir='ltr'><strong>Cesaree</strong></span> <span class='ocrx_word' id='word_1_59' title='bbox 283 1096 379 1174; x_wconf 89' lang='lat' dir='ltr'><strong>rapta</strong></span> <span class='ocrx_word' id='word_1_60' title='bbox 401 1092 585 1174; x_wconf 87' lang='lat' dir='ltr'><strong>pocientem</strong></span> <span class='ocrx_word' id='word_1_61' title='bbox 609 1093 745 1177; x_wconf 82' lang='lat' dir='ltr'><strong>coniuge</strong></span> <span class='ocrx_word' id='word_1_62' title='bbox 769 1089 922 1177; x_wconf 78' lang='lat' dir='ltr'><strong>fratris.⁴)</strong></span> 
     </span>
    </p>

    <p class='ocr_par' dir='ltr' id='par_1_7' title="bbox 123 1179 990 1266">
     <span class='ocr_line' id='line_1_11' title="bbox 123 1179 990 1266; baseline -0.002 -20"><span class='ocrx_word' id='word_1_63' title='bbox 123 1181 250 1265; x_wconf 86' lang='lat' dir='ltr'><strong>Respue</strong></span> <span class='ocrx_word' id='word_1_64' title='bbox 272 1201 351 1265; x_wconf 87' lang='lat' dir='ltr'><strong>opes</strong></span> <span class='ocrx_word' id='word_1_65' title='bbox 373 1180 489 1263; x_wconf 86' lang='lat' dir='ltr'><strong>falsas,</strong></span> <span class='ocrx_word' id='word_1_66' title='bbox 512 1179 588 1264; x_wconf 84' lang='lat' dir='ltr'><strong>fuge</strong></span> <span class='ocrx_word' id='word_1_67' title='bbox 612 1202 687 1246; x_wconf 88' lang='lat' dir='ltr'><strong>ceca</strong></span> <span class='ocrx_word' id='word_1_68' title='bbox 709 1181 846 1266; x_wconf 83' lang='lat' dir='ltr'><strong>negocia</strong></span> <span class='ocrx_word' id='word_1_69' title='bbox 868 1179 990 1244; x_wconf 90' lang='lat' dir='ltr'><strong>mundi.</strong></span> 
     </span>
    </p>

    <p class='ocr_par' dir='ltr' id='par_1_8' title="bbox 122 1268 1190 1531">
     <span class='ocr_line' id='line_1_12' title="bbox 122 1268 1190 1354; baseline -0.002 -20"><span class='ocrx_word' id='word_1_70' title='bbox 122 1268 236 1334; x_wconf 82' lang='lat' dir='ltr'><strong>Navur</strong></span> <span class='ocrx_word' id='word_1_71' title='bbox 260 1273 293 1333; x_wconf 87' lang='lat' dir='ltr'><strong>et</strong></span> <span class='ocrx_word' id='word_1_72' title='bbox 316 1269 465 1354; x_wconf 80' lang='lat' dir='ltr'><strong>egregius</strong></span> <span class='ocrx_word' id='word_1_73' title='bbox 488 1290 555 1334; x_wconf 90' lang='lat' dir='ltr'><strong>non</strong></span> <span class='ocrx_word' id='word_1_74' title='bbox 578 1291 627 1353; x_wconf 88' lang='lat' dir='ltr'><strong>es,</strong></span> <span class='ocrx_word' id='word_1_75' title='bbox 649 1269 713 1333; x_wconf 85' lang='lat' dir='ltr'><strong>nisi</strong></span> <span class='ocrx_word' id='word_1_76' title='bbox 736 1269 858 1334; x_wconf 88' lang='lat' dir='ltr'><strong>lumina</strong></span> <span class='ocrx_word' id='word_1_77' title='bbox 881 1268 973 1333; x_wconf 89' lang='lat' dir='ltr'><strong>mille</strong></span> <span class='ocrx_word' id='word_1_78' title='bbox 1152 1286 1190 1326; x_wconf 71' lang='grc' dir='ltr'><strong>ιιι</strong></span> 
     </span>
     <span class='ocr_line' id='line_1_13' title="bbox 124 1357 1062 1442; baseline 0 -19"><span class='ocrx_word' id='word_1_79' title='bbox 124 1358 169 1423; x_wconf 85' lang='lat' dir='ltr'><strong>Te</strong></span> <span class='ocrx_word' id='word_1_80' title='bbox 194 1360 341 1441; x_wconf 76' lang='lat' dir='ltr'><strong>spectent</strong></span> <span class='ocrx_word' id='word_1_81' title='bbox 364 1357 534 1442; x_wconf 80' lang='lat' dir='ltr'><strong>dicantque</strong></span> <span class='ocrx_word' id='word_1_82' title='bbox 557 1357 720 1422; x_wconf 90' lang='lat' dir='ltr'><strong>homines:</strong></span> <span class='ocrx_word' id='word_1_83' title='bbox 743 1357 796 1422; x_wconf 90' lang='lat' dir='ltr'><strong>hie</strong></span> <span class='ocrx_word' id='word_1_84' title='bbox 820 1358 926 1422; x_wconf 91' lang='lat' dir='ltr'><strong>omine</strong></span> <span class='ocrx_word' id='word_1_85' title='bbox 950 1357 1062 1423; x_wconf 86' lang='lat' dir='ltr'><strong>dextro</strong></span> 
     </span>
     <span class='ocr_line' id='line_1_14' title="bbox 124 1446 963 1531; baseline 0.001 -20"><span class='ocrx_word' id='word_1_86' title='bbox 124 1447 250 1512; x_wconf 88' lang='lat' dir='ltr'><strong>Prodiit</strong></span> <span class='ocrx_word' id='word_1_87' title='bbox 274 1447 314 1510; x_wconf 89' lang='lat' dir='ltr'><strong>ad</strong></span> <span class='ocrx_word' id='word_1_88' title='bbox 338 1446 456 1530; x_wconf 83' lang='lat' dir='ltr'><strong>lucem3</strong></span> <span class='ocrx_word' id='word_1_89' title='bbox 481 1467 576 1531; x_wconf 93' lang='lat' dir='ltr'><strong>quem</strong></span> <span class='ocrx_word' id='word_1_90' title='bbox 600 1447 699 1511; x_wconf 87' lang='lat' dir='ltr'><strong>vestit</strong></span> <span class='ocrx_word' id='word_1_91' title='bbox 722 1447 828 1511; x_wconf 91' lang='lat' dir='ltr'><strong>musio</strong></span> <span class='ocrx_word' id='word_1_92' title='bbox 852 1450 963 1512; x_wconf 87' lang='lat' dir='ltr'><strong>tensus</strong></span> 
     </span>
    </p>

    <p class='ocr_par' dir='ltr' id='par_1_9' title="bbox 122 1535 915 1621">
     <span class='ocr_line' id='line_1_15' title="bbox 122 1535 915 1621; baseline -0.003 -21"><span class='ocrx_word' id='word_1_93' title='bbox 122 1535 265 1621; x_wconf 83' lang='lat' dir='ltr'><strong>&#39;Pergore</strong></span> <span class='ocrx_word' id='word_1_94' title='bbox 289 1540 450 1613; x_wconf 88' lang='lat' dir='ltr'><strong>castoreo,</strong></span> <span class='ocrx_word' id='word_1_95' title='bbox 473 1539 610 1599; x_wconf 77' lang='lat' dir='ltr'><strong>consuta</strong></span> <span class='ocrx_word' id='word_1_96' title='bbox 631 1535 778 1599; x_wconf 85' lang='lat' dir='ltr'><strong>nitedula</strong></span> <span class='ocrx_word' id='word_1_97' title='bbox 800 1535 915 1619; x_wconf 84' lang='lat' dir='ltr'><strong>bysso,</strong></span> 
     </span>
    </p>

    <p class='ocr_par' dir='ltr' id='par_1_10' title="bbox 107 1621 910 1690">
     <span class='ocr_line' id='line_1_16' title="bbox 107 1621 910 1690; baseline -0.001 -2"><span class='ocrx_word' id='word_1_98' title='bbox 107 1623 274 1688; x_wconf 86' lang='lat' dir='ltr'><strong>·Renones</strong></span> <span class='ocrx_word' id='word_1_99' title='bbox 298 1623 394 1690; x_wconf 88' lang='lat' dir='ltr'><strong>crisii.</strong></span> <span class='ocrx_word' id='word_1_100' title='bbox 441 1621 495 1688; x_wconf 85' lang='lat' dir='ltr'><strong>Sic</strong></span> <span class='ocrx_word' id='word_1_101' title='bbox 519 1624 565 1687; x_wconf 89' lang='lat' dir='ltr'><strong>sic</strong></span> <span class='ocrx_word' id='word_1_102' title='bbox 589 1623 766 1688; x_wconf 83' lang='lat' dir='ltr'><strong>cenodoxia</strong></span> <span class='ocrx_word' id='word_1_103' title='bbox 788 1623 910 1688; x_wconf 89' lang='lat' dir='ltr'><strong>multos</strong></span> 
     </span>
    </p>

    <p class='ocr_par' dir='ltr' id='par_1_11' title="bbox 123 1710 1191 2064">
     <span class='ocr_line' id='line_1_17' title="bbox 124 1710 1191 1797; baseline -0.002 -20"><span class='ocrx_word' id='word_1_104' title='bbox 124 1710 235 1797; x_wconf 76' lang='lat' dir='ltr'><strong>(lecet,</strong></span> <span class='ocrx_word' id='word_1_105' title='bbox 258 1733 374 1796; x_wconf 84' lang='lat' dir='ltr'><strong>nempe</strong></span> <span class='ocrx_word' id='word_1_106' title='bbox 397 1712 484 1797; x_wconf 83' lang='lat' dir='ltr'><strong>gulis</strong></span> <span class='ocrx_word' id='word_1_107' title='bbox 508 1713 644 1776; x_wconf 87' lang='lat' dir='ltr'><strong>vestitus</strong></span> <span class='ocrx_word' id='word_1_108' title='bbox 668 1712 758 1776; x_wconf 87' lang='lat' dir='ltr'><strong>dives</strong></span> <span class='ocrx_word' id='word_1_109' title='bbox 782 1715 815 1775; x_wconf 88' lang='lat' dir='ltr'><strong>et</strong></span> <span class='ocrx_word' id='word_1_110' title='bbox 838 1716 926 1776; x_wconf 87' lang='lat' dir='ltr'><strong>ostro</strong></span> <span class='ocrx_word' id='word_1_111' title='bbox 1152 1729 1191 1768; x_wconf 73' lang='lat'><strong>20⁰</strong></span> 
     </span>
     <span class='ocr_line' id='line_1_18' title="bbox 123 1799 1137 1886; baseline 0 -21"><span class='ocrx_word' id='word_1_112' title='bbox 123 1800 207 1876; x_wconf 86' lang='lat' dir='ltr'><strong>Quid</strong></span> <span class='ocrx_word' id='word_1_113' title='bbox 222 1801 287 1865; x_wconf 88' lang='lat' dir='ltr'><strong>nisi</strong></span> <span class='ocrx_word' id='word_1_114' title='bbox 300 1801 400 1866; x_wconf 92' lang='lat' dir='ltr'><strong>homo</strong></span> <span class='ocrx_word' id='word_1_115' title='bbox 415 1799 487 1864; x_wconf 84' lang='lat' dir='ltr'><strong>est?</strong></span> <span class='ocrx_word' id='word_1_116' title='bbox 505 1801 609 1865; x_wconf 79' lang='lat' dir='ltr'><strong>uitam</strong></span> <span class='ocrx_word' id='word_1_117' title='bbox 623 1801 675 1866; x_wconf 88' lang='lat' dir='ltr'><strong>cui</strong></span> <span class='ocrx_word' id='word_1_118' title='bbox 689 1801 835 1865; x_wconf 87' lang='lat' dir='ltr'><strong>muscula</strong></span> <span class='ocrx_word' id='word_1_119' title='bbox 849 1801 901 1865; x_wconf 84' lang='lat' dir='ltr'><strong>vel</strong></span> <span class='ocrx_word' id='word_1_120' title='bbox 914 1800 1021 1865; x_wconf 84' lang='lat' dir='ltr'><strong>brevis</strong></span> <span class='ocrx_word' id='word_1_121' title='bbox 1036 1805 1137 1886; x_wconf 81' lang='lat' dir='ltr'><strong>occat,</strong></span> 
     </span>
     <span class='ocr_line' id='line_1_19' title="bbox 124 1886 1071 1974; baseline -0.001 -20"><span class='ocrx_word' id='word_1_122' title='bbox 124 1889 187 1965; x_wconf 80' lang='lat' dir='ltr'><strong>Qui</strong></span> <span class='ocrx_word' id='word_1_123' title='bbox 209 1911 268 1954; x_wconf 89' lang='lat' dir='ltr'><strong>ceu</strong></span> <span class='ocrx_word' id='word_1_124' title='bbox 289 1889 350 1954; x_wconf 87' lang='lat' dir='ltr'><strong>flos</strong></span> <span class='ocrx_word' id='word_1_125' title='bbox 373 1889 476 1972; x_wconf 76' lang='lat' dir='ltr'><strong>ferule</strong></span> <span class='ocrx_word' id='word_1_126' title='bbox 499 1890 619 1954; x_wconf 87' lang='lat' dir='ltr'><strong>transit</strong></span> <span class='ocrx_word' id='word_1_127' title='bbox 641 1890 834 1974; x_wconf 86' lang='lat' dir='ltr'><strong>niveumque</strong></span> <span class='ocrx_word' id='word_1_128' title='bbox 858 1886 1071 1974; x_wconf 84' lang='lat' dir='ltr'><strong>ligustrum.⁶)</strong></span> 
     </span>
     <span class='ocr_line' id='line_1_20' title="bbox 124 1978 991 2064; baseline -0.001 -21"><span class='ocrx_word' id='word_1_129' title='bbox 124 1978 252 2062; x_wconf 89' lang='lat' dir='ltr'><strong>Respue</strong></span> <span class='ocrx_word' id='word_1_130' title='bbox 274 2000 353 2062; x_wconf 87' lang='lat' dir='ltr'><strong>opes</strong></span> <span class='ocrx_word' id='word_1_131' title='bbox 376 1978 492 2062; x_wconf 81' lang='lat' dir='ltr'><strong>falsas,</strong></span> <span class='ocrx_word' id='word_1_132' title='bbox 515 1978 591 2064; x_wconf 81' lang='lat' dir='ltr'><strong>luge</strong></span> <span class='ocrx_word' id='word_1_133' title='bbox 616 2000 691 2062; x_wconf 72' lang='lat' dir='ltr'><strong>ceca</strong></span> <span class='ocrx_word' id='word_1_134' title='bbox 713 1978 849 2062; x_wconf 81' lang='lat' dir='ltr'><strong>negocia</strong></span> <span class='ocrx_word' id='word_1_135' title='bbox 872 1978 991 2043; x_wconf 91' lang='lat' dir='ltr'><strong>mundi.</strong></span> 
     </span>
    </p>

    <p class='ocr_par' dir='ltr' id='par_1_12' title="bbox 124 2064 942 2153">
     <span class='ocr_line' id='line_1_21' title="bbox 124 2064 942 2153; baseline 0.002 -23"><span class='ocrx_word' id='word_1_136' title='bbox 124 2064 158 2132; x_wconf 83' lang='lat' dir='ltr'><strong>si</strong></span> <span class='ocrx_word' id='word_1_137' title='bbox 182 2067 271 2150; x_wconf 77' lang='lat' dir='ltr'><strong>cupis</strong></span> <span class='ocrx_word' id='word_1_138' title='bbox 294 2069 454 2152; x_wconf 84' lang='lat' dir='ltr'><strong>ingenuus</strong></span> <span class='ocrx_word' id='word_1_139' title='bbox 477 2066 554 2150; x_wconf 90' lang='lat' dir='ltr'><strong>diei,</strong></span> <span class='ocrx_word' id='word_1_140' title='bbox 577 2066 622 2132; x_wconf 90' lang='lat' dir='ltr'><strong>sis</strong></span> <span class='ocrx_word' id='word_1_141' title='bbox 646 2068 753 2153; x_wconf 83' lang='lat' dir='ltr'><strong>glutto</strong></span> <span class='ocrx_word' id='word_1_142' title='bbox 776 2088 942 2151; x_wconf 86' lang='lat' dir='ltr'><strong>neposque</strong></span> 
     </span>
    </p>

    <p class='ocr_par' dir='ltr' id='par_1_13' title="bbox 122 2155 1191 2418">
     <span class='ocr_line' id='line_1_22' title="bbox 124 2155 1191 2242; baseline -0.002 -21"><span class='ocrx_word' id='word_1_143' title='bbox 124 2155 172 2221; x_wconf 90' lang='lat' dir='ltr'><strong>Ut</strong></span> <span class='ocrx_word' id='word_1_144' title='bbox 194 2158 305 2236; x_wconf 88' lang='lat' dir='ltr'><strong>saturo</strong></span> <span class='ocrx_word' id='word_1_145' title='bbox 330 2160 364 2219; x_wconf 92' lang='lat' dir='ltr'><strong>et</strong></span> <span class='ocrx_word' id='word_1_146' title='bbox 386 2155 483 2220; x_wconf 86' lang='lat' dir='ltr'><strong>crudo</strong></span> <span class='ocrx_word' id='word_1_147' title='bbox 507 2178 580 2221; x_wconf 89' lang='lat' dir='ltr'><strong>cum</strong></span> <span class='ocrx_word' id='word_1_148' title='bbox 604 2157 675 2220; x_wconf 87' lang='lat' dir='ltr'><strong>calo</strong></span> <span class='ocrx_word' id='word_1_149' title='bbox 698 2156 878 2242; x_wconf 85' lang='lat' dir='ltr'><strong>‚‚mandite“</strong></span> <span class='ocrx_word' id='word_1_150' title='bbox 901 2156 1001 2238; x_wconf 86' lang='lat' dir='ltr'><strong>dicat,</strong></span> <span class='ocrx_word' id='word_1_151' title='bbox 1153 2170 1191 2211; x_wconf 75' lang='lat'><strong>20⁵</strong></span> 
     </span>
     <span class='ocr_line' id='line_1_23' title="bbox 122 2243 1137 2330; baseline 0 -22"><span class='ocrx_word' id='word_1_152' title='bbox 122 2243 283 2329; x_wconf 75' lang='lat' dir='ltr'><strong>,Reddasz</strong></span> <span class='ocrx_word' id='word_1_153' title='bbox 305 2266 372 2309; x_wconf 89' lang='lat' dir='ltr'><strong>non</strong></span> <span class='ocrx_word' id='word_1_154' title='bbox 398 2265 495 2330; x_wconf 74' lang='lat' dir='ltr'><strong>queO,</strong></span> <span class='ocrx_word' id='word_1_155' title='bbox 518 2245 559 2308; x_wconf 93' lang='lat' dir='ltr'><strong>da</strong></span> <span class='ocrx_word' id='word_1_156' title='bbox 582 2248 693 2310; x_wconf 89' lang='lat' dir='ltr'><strong>tamen</strong></span> <span class='ocrx_word' id='word_1_157' title='bbox 715 2245 792 2310; x_wconf 80' lang='lat' dir='ltr'><strong>huc!</strong></span> <span class='ocrx_word' id='word_1_158' title='bbox 816 2245 880 2309; x_wconf 85' lang='lat' dir='ltr'><strong>offa</strong></span> <span class='ocrx_word' id='word_1_159' title='bbox 904 2245 1007 2310; x_wconf 89' lang='lat' dir='ltr'><strong>allicit</strong></span> <span class='ocrx_word' id='word_1_160' title='bbox 1031 2244 1137 2309; x_wconf 86' lang='lat' dir='ltr'><strong>offam.</strong></span> 
     </span>
     <span class='ocr_line' id='line_1_24' title="bbox 124 2295 1017 2418; baseline -0.001 -21"><span class='ocrx_word' id='word_1_161' title='bbox 124 2295 186 2397; x_wconf 71' lang='lat' dir='ltr'><strong>ded</strong></span> <span class='ocrx_word' id='word_1_162' title='bbox 209 2333 364 2418; x_wconf 87' lang='lat' dir='ltr'><strong>primum,</strong></span> <span class='ocrx_word' id='word_1_163' title='bbox 388 2354 501 2417; x_wconf 90' lang='lat' dir='ltr'><strong>queso,</strong></span> <span class='ocrx_word' id='word_1_164' title='bbox 524 2332 609 2398; x_wconf 81' lang='lat' dir='ltr'><strong>refer</strong></span> <span class='ocrx_word' id='word_1_165' title='bbox 631 2334 716 2398; x_wconf 91' lang='lat' dir='ltr'><strong>unde</strong></span> <span class='ocrx_word' id='word_1_166' title='bbox 740 2333 848 2398; x_wconf 88' lang='lat' dir='ltr'><strong>culina</strong></span> <span class='ocrx_word' id='word_1_167' title='bbox 871 2337 1017 2417; x_wconf 88' lang='lat' dir='ltr'><strong>vaporet:</strong></span> 
     </span>
    </p>

    <p class='ocr_par' dir='ltr' id='par_1_14' title="bbox 125 2418 1006 2506">
     <span class='ocr_line' id='line_1_25' title="bbox 125 2418 1006 2506; baseline -0.002 -20"><span class='ocrx_word' id='word_1_168' title='bbox 125 2421 205 2486; x_wconf 83' lang='lat' dir='ltr'><strong>Cum</strong></span> <span class='ocrx_word' id='word_1_169' title='bbox 230 2426 334 2486; x_wconf 88' lang='lat' dir='ltr'><strong>muria</strong></span> <span class='ocrx_word' id='word_1_170' title='bbox 356 2423 474 2506; x_wconf 84' lang='lat' dir='ltr'><strong>pisces,</strong></span> <span class='ocrx_word' id='word_1_171' title='bbox 498 2421 580 2485; x_wconf 85' lang='lat' dir='ltr'><strong>allec</strong></span> <span class='ocrx_word' id='word_1_172' title='bbox 603 2421 656 2486; x_wconf 86' lang='lat' dir='ltr'><strong>vel</strong></span> <span class='ocrx_word' id='word_1_173' title='bbox 678 2421 840 2486; x_wconf 89' lang='lat' dir='ltr'><strong>habebitis</strong></span> <span class='ocrx_word' id='word_1_174' title='bbox 865 2418 1006 2504; x_wconf 78' lang='lat' dir='ltr'><strong>assum⁶)</strong></span> 
     </span>
    </p>

    <p class='ocr_par' dir='ltr' id='par_1_15' title="bbox 123 2508 1193 2861">
     <span class='ocr_line' id='line_1_26' title="bbox 123 2508 1049 2595; baseline 0 -22"><span class='ocrx_word' id='word_1_175' title='bbox 123 2510 192 2574; x_wconf 82' lang='lat' dir='ltr'><strong>Aut</strong></span> <span class='ocrx_word' id='word_1_176' title='bbox 214 2511 243 2575; x_wconf 92' lang='lat' dir='ltr'><strong>si</strong></span> <span class='ocrx_word' id='word_1_177' title='bbox 265 2510 338 2595; x_wconf 88' lang='lat' dir='ltr'><strong>plus</strong></span> <span class='ocrx_word' id='word_1_178' title='bbox 362 2511 490 2594; x_wconf 86' lang='lat' dir='ltr'><strong>placcat</strong></span> <span class='ocrx_word' id='word_1_179' title='bbox 513 2531 601 2593; x_wconf 85' lang='lat' dir='ltr'><strong>caro,</strong></span> <span class='ocrx_word' id='word_1_180' title='bbox 625 2510 828 2574; x_wconf 87' lang='lat' dir='ltr'><strong>condimenta</strong></span> <span class='ocrx_word' id='word_1_181' title='bbox 851 2508 1049 2593; x_wconf 82' lang='lat' dir='ltr'><strong>anatesque?</strong></span> 
     </span>
     <span class='ocr_line' id='line_1_27' title="bbox 123 2598 1193 2684; baseline -0.001 -21"><span class='ocrx_word' id='word_1_182' title='bbox 123 2599 270 2684; x_wconf 78' lang='lat' dir='ltr'><strong>Rustico,</strong></span> <span class='ocrx_word' id='word_1_183' title='bbox 293 2620 497 2683; x_wconf 90' lang='lat' dir='ltr'><strong>nequaquam</strong></span> <span class='ocrx_word' id='word_1_184' title='bbox 521 2598 725 2663; x_wconf 88' lang='lat' dir='ltr'><strong>dominorum</strong></span> <span class='ocrx_word' id='word_1_185' title='bbox 748 2599 881 2663; x_wconf 87' lang='lat' dir='ltr'><strong>nutibus</strong></span> <span class='ocrx_word' id='word_1_186' title='bbox 905 2603 993 2682; x_wconf 86' lang='lat' dir='ltr'><strong>apte,</strong></span> <span class='ocrx_word' id='word_1_187' title='bbox 1153 2615 1193 2654; x_wconf 77' lang='lat'><strong>210</strong></span> 
     </span>
     <span class='ocr_line' id='line_1_28' title="bbox 125 2685 1071 2772; baseline -0.002 -20"><span class='ocrx_word' id='word_1_188' title='bbox 125 2687 239 2752; x_wconf 83' lang='lat' dir='ltr'><strong>Aufer!</strong></span> <span class='ocrx_word' id='word_1_189' title='bbox 285 2688 339 2752; x_wconf 85' lang='lat' dir='ltr'><strong>An</strong></span> <span class='ocrx_word' id='word_1_190' title='bbox 362 2688 495 2772; x_wconf 86' lang='lat' dir='ltr'><strong>ignoras</strong></span> <span class='ocrx_word' id='word_1_191' title='bbox 520 2688 606 2772; x_wconf 91' lang='lat' dir='ltr'><strong>quod</strong></span> <span class='ocrx_word' id='word_1_192' title='bbox 628 2687 733 2771; x_wconf 92' lang='lat' dir='ltr'><strong>pendo</strong></span> <span class='ocrx_word' id='word_1_193' title='bbox 757 2687 935 2752; x_wconf 86' lang='lat' dir='ltr'><strong>domestica</strong></span> <span class='ocrx_word' id='word_1_194' title='bbox 956 2685 1071 2751; x_wconf 81' lang='lat' dir='ltr'><strong>flocci?</strong></span> 
     </span>
     <span class='ocr_line' id='line_1_29' title="bbox 125 2773 948 2861; baseline -0.001 -21"><span class='ocrx_word' id='word_1_195' title='bbox 125 2775 248 2840; x_wconf 85' lang='lat' dir='ltr'><strong>Navita</strong></span> <span class='ocrx_word' id='word_1_196' title='bbox 269 2776 320 2841; x_wconf 85' lang='lat' dir='ltr'><strong>vel</strong></span> <span class='ocrx_word' id='word_1_197' title='bbox 344 2781 436 2841; x_wconf 88' lang='lat' dir='ltr'><strong>sutor</strong></span> <span class='ocrx_word' id='word_1_198' title='bbox 459 2798 516 2841; x_wconf 92' lang='lat' dir='ltr'><strong>seu</strong></span> <span class='ocrx_word' id='word_1_199' title='bbox 540 2773 812 2861; x_wconf 84' lang='lat' dir='ltr'><strong>mercennarius⁷)</strong></span> <span class='ocrx_word' id='word_1_200' title='bbox 837 2775 948 2860; x_wconf 88' lang='lat' dir='ltr'><strong>etqui</strong></span> 
     </span>
    </p>

    <p class='ocr_par' dir='ltr' id='par_1_16' title="bbox 125 2863 956 2950">
     <span class='ocr_line' id='line_1_30' title="bbox 125 2863 956 2950; baseline 0 -22"><span class='ocrx_word' id='word_1_201' title='bbox 125 2863 274 2930; x_wconf 86' lang='lat' dir='ltr'><strong>Trituret</strong></span> <span class='ocrx_word' id='word_1_202' title='bbox 296 2865 346 2929; x_wconf 85' lang='lat' dir='ltr'><strong>far</strong></span> <span class='ocrx_word' id='word_1_203' title='bbox 370 2869 403 2929; x_wconf 89' lang='lat' dir='ltr'><strong>et</strong></span> <span class='ocrx_word' id='word_1_204' title='bbox 426 2866 519 2930; x_wconf 89' lang='lat' dir='ltr'><strong>molit</strong></span> <span class='ocrx_word' id='word_1_205' title='bbox 542 2865 779 2950; x_wconf 89' lang='lat' dir='ltr'><strong>inmundusque</strong></span> <span class='ocrx_word' id='word_1_206' title='bbox 803 2864 956 2932; x_wconf 86' lang='lat' dir='ltr'><strong>subulcus</strong></span> 
     </span>
    </p>

    <p class='ocr_par' dir='ltr' id='par_1_17' title="bbox 123 2953 1189 3128">
     <span class='ocr_line' id='line_1_31' title="bbox 125 2953 991 3039; baseline -0.001 -22"><span class='ocrx_word' id='word_1_207' title='bbox 125 2953 195 3018; x_wconf 93' lang='lat' dir='ltr'><strong>Hec</strong></span> <span class='ocrx_word' id='word_1_208' title='bbox 219 2953 402 3039; x_wconf 87' lang='lat' dir='ltr'><strong>comedant;</strong></span> <span class='ocrx_word' id='word_1_209' title='bbox 425 2953 534 3018; x_wconf 84' lang='lat' dir='ltr'><strong>foveat</strong></span> <span class='ocrx_word' id='word_1_210' title='bbox 556 2975 608 3018; x_wconf 90' lang='lat' dir='ltr'><strong>me</strong></span> <span class='ocrx_word' id='word_1_211' title='bbox 632 2953 873 3020; x_wconf 88' lang='lat' dir='ltr'><strong>sorbiciuncula</strong></span> <span class='ocrx_word' id='word_1_212' title='bbox 895 2953 991 3038; x_wconf 87' lang='lat' dir='ltr'><strong>lenis,</strong></span> 
     </span>
     <span class='ocr_line' id='line_1_32' title="bbox 123 3041 1189 3128; baseline 0 -22"><span class='ocrx_word' id='word_1_213' title='bbox 123 3041 311 3126; x_wconf 86' lang='lat' dir='ltr'><strong>Privatique</strong></span> <span class='ocrx_word' id='word_1_214' title='bbox 335 3042 411 3126; x_wconf 89' lang='lat' dir='ltr'><strong>cibi,</strong></span> <span class='ocrx_word' id='word_1_215' title='bbox 436 3065 516 3128; x_wconf 90' lang='lat' dir='ltr'><strong>quos</strong></span> <span class='ocrx_word' id='word_1_216' title='bbox 540 3042 670 3126; x_wconf 84' lang='lat' dir='ltr'><strong>flagitat</strong></span> <span class='ocrx_word' id='word_1_217' title='bbox 692 3044 785 3109; x_wconf 85' lang='lat' dir='ltr'><strong>alvus</strong></span> <span class='ocrx_word' id='word_1_218' title='bbox 808 3043 929 3107; x_wconf 88' lang='lat' dir='ltr'><strong>herilis.</strong></span> <span class='ocrx_word' id='word_1_219' title='bbox 1151 3057 1189 3097; x_wconf 75' lang='lat'><strong>215</strong></span> 
     </span>
    </p>
   </div>
   <div class='ocr_carea' id='block_1_3' title="bbox 198 3249 1140 3324">
    <p class='ocr_par' dir='ltr' id='par_1_18' title="bbox 198 3249 1140 3324">
     <span class='ocr_line' id='line_1_33' title="bbox 198 3249 1140 3324; baseline -0.002 -18"><span class='ocrx_word' id='word_1_220' title='bbox 198 3257 247 3306; x_wconf 82' lang='lat'><strong>191</strong></span> <span class='ocrx_word' id='word_1_221' title='bbox 269 3253 384 3321; x_wconf 78' lang='lat' dir='ltr'><strong>tparaia</strong></span> <span class='ocrx_word' id='word_1_222' title='bbox 401 3258 476 3308; x_wconf 82' lang='lat' dir='ltr'><strong>cates</strong></span> <span class='ocrx_word' id='word_1_223' title='bbox 494 3253 569 3322; x_wconf 79' lang='lat' dir='ltr'><strong>(lpur</strong></span> <span class='ocrx_word' id='word_1_224' title='bbox 587 3251 617 3306; x_wconf 90' lang='lat' dir='ltr'><strong>in</strong></span> <span class='ocrx_word' id='word_1_225' title='bbox 635 3254 703 3324; x_wconf 87' lang='lat' dir='ltr'><strong>ras.)</strong></span> <span class='ocrx_word' id='word_1_226' title='bbox 722 3270 773 3308; x_wconf 89' lang='lat' dir='ltr'><strong>scr.</strong></span> <span class='ocrx_word' id='word_1_227' title='bbox 792 3251 822 3304; x_wconf 88' lang='grc' dir='ltr'>Μ</span> <span class='ocrx_word' id='word_1_228' title='bbox 917 3256 970 3306; x_wconf 76' lang='lat'><strong>204</strong></span> <span class='ocrx_word' id='word_1_229' title='bbox 988 3266 1010 3306; x_wconf 85' lang='lat' dir='ltr'><strong>c.</strong></span> <span class='ocrx_word' id='word_1_230' title='bbox 1029 3249 1140 3320; x_wconf 80' lang='lat' dir='ltr'><strong>Sicapa&#39;s</strong></span> 
     </span>
    </p>
   </div>
   <div class='ocr_carea' id='block_1_4' title="bbox 122 3443 1139 3660">
    <p class='ocr_par' dir='ltr' id='par_1_19' title="bbox 122 3443 1139 3660">
     <span class='ocr_line' id='line_1_34' title="bbox 198 3443 1139 3516; baseline -0.004 -16"><span class='ocrx_word' id='word_1_231' title='bbox 198 3453 223 3515; x_wconf 92' lang='lat'><strong>1)</strong></span> <span class='ocrx_word' id='word_1_232' title='bbox 247 3447 348 3516; x_wconf 82' lang='lat' dir='ltr'><strong>Georg.</strong></span> <span class='ocrx_word' id='word_1_233' title='bbox 366 3447 392 3514; x_wconf 84' lang='lat'><strong>1,</strong></span> <span class='ocrx_word' id='word_1_234' title='bbox 416 3452 459 3502; x_wconf 79' lang='lat'><strong>80.</strong></span> <span class='ocrx_word' id='word_1_235' title='bbox 497 3445 563 3502; x_wconf 91' lang='lat' dir='ltr'><strong>Hor.</strong></span> <span class='ocrx_word' id='word_1_236' title='bbox 583 3444 611 3501; x_wconf 78' lang='grc' dir='ltr'><strong>Ο.</strong></span> <span class='ocrx_word' id='word_1_237' title='bbox 632 3445 670 3514; x_wconf 87' lang='grc' dir='ltr'><strong>ΙΙ,</strong></span> <span class='ocrx_word' id='word_1_238' title='bbox 689 3451 715 3514; x_wconf 76' lang='lat'><strong>2,</strong></span> <span class='ocrx_word' id='word_1_239' title='bbox 736 3451 819 3513; x_wconf 86' lang='lat' dir='ltr'><strong>10sq.</strong></span> <span class='ocrx_word' id='word_1_240' title='bbox 911 3445 938 3512; x_wconf 78' lang='grc'><strong>2)</strong></span> <span class='ocrx_word' id='word_1_241' title='bbox 962 3443 1028 3499; x_wconf 83' lang='grc' dir='ltr'><strong>Ηοι.</strong></span> <span class='ocrx_word' id='word_1_242' title='bbox 1049 3443 1098 3513; x_wconf 80' lang='lat' dir='ltr'><strong>Ep.</strong></span> <span class='ocrx_word' id='word_1_243' title='bbox 1118 3443 1139 3512; x_wconf 85' lang='grc' dir='ltr'><strong>Ι,</strong></span> 
     </span>
     <span class='ocr_line' id='line_1_35' title="bbox 124 3515 1139 3588; baseline -0.003 -16"><span class='ocrx_word' id='word_1_244' title='bbox 124 3524 149 3588; x_wconf 87' lang='grc'><strong>6,</strong></span> <span class='ocrx_word' id='word_1_245' title='bbox 168 3523 211 3574; x_wconf 76' lang='grc'><strong>27.</strong></span> <span class='ocrx_word' id='word_1_246' title='bbox 281 3520 308 3588; x_wconf 85' lang='grc'><strong>3)</strong></span> <span class='ocrx_word' id='word_1_247' title='bbox 329 3517 441 3573; x_wconf 84' lang='lat' dir='ltr'><strong>Sueton.</strong></span> <span class='ocrx_word' id='word_1_248' title='bbox 460 3517 539 3572; x_wconf 88' lang='lat' dir='ltr'><strong>Caes.</strong></span> <span class='ocrx_word' id='word_1_249' title='bbox 558 3522 601 3571; x_wconf 89' lang='lat'><strong>81.</strong></span> <span class='ocrx_word' id='word_1_250' title='bbox 666 3520 695 3587; x_wconf 85' lang='lat'><strong>4)</strong></span> <span class='ocrx_word' id='word_1_251' title='bbox 714 3517 786 3571; x_wconf 86' lang='lat' dir='ltr'><strong>Acta</strong></span> <span class='ocrx_word' id='word_1_252' title='bbox 804 3531 848 3585; x_wconf 89' lang='lat' dir='ltr'><strong>ap.</strong></span> <span class='ocrx_word' id='word_1_253' title='bbox 869 3520 911 3584; x_wconf 80' lang='lat'><strong>12,</strong></span> <span class='ocrx_word' id='word_1_254' title='bbox 931 3520 973 3571; x_wconf 81' lang='lat'><strong>23.</strong></span> <span class='ocrx_word' id='word_1_255' title='bbox 1034 3518 1061 3583; x_wconf 86' lang='lat'><strong>5)</strong></span> <span class='ocrx_word' id='word_1_256' title='bbox 1081 3515 1139 3569; x_wconf 85' lang='lat' dir='ltr'><strong>Ecl.</strong></span> 
     </span>
     <span class='ocr_line' id='line_1_36' title="bbox 122 3585 1138 3660; baseline -0.006 -18"><span class='ocrx_word' id='word_1_257' title='bbox 122 3589 159 3660; x_wconf 89' lang='lat' dir='ltr'><strong>ll,</strong></span> <span class='ocrx_word' id='word_1_258' title='bbox 179 3595 220 3645; x_wconf 88' lang='lat'><strong>18.</strong></span> <span class='ocrx_word' id='word_1_259' title='bbox 277 3592 304 3657; x_wconf 84' lang='grc'><strong>6)</strong></span> <span class='ocrx_word' id='word_1_260' title='bbox 323 3589 390 3646; x_wconf 85' lang='grc' dir='ltr'><strong>Ηοι.</strong></span> <span class='ocrx_word' id='word_1_261' title='bbox 410 3587 467 3644; x_wconf 78' lang='lat' dir='ltr'><strong>sat.</strong></span> <span class='ocrx_word' id='word_1_262' title='bbox 486 3589 521 3655; x_wconf 85' lang='lat'><strong>11,</strong></span> <span class='ocrx_word' id='word_1_263' title='bbox 541 3592 566 3659; x_wconf 87' lang='grc'><strong>8,</strong></span> <span class='ocrx_word' id='word_1_264' title='bbox 586 3594 627 3644; x_wconf 81' lang='lat'><strong>53.</strong></span> <span class='ocrx_word' id='word_1_265' title='bbox 648 3595 673 3644; x_wconf 86' lang='grc'><strong>9.</strong></span> <span class='ocrx_word' id='word_1_266' title='bbox 734 3591 760 3659; x_wconf 80' lang='grc'><strong>7)</strong></span> <span class='ocrx_word' id='word_1_267' title='bbox 779 3587 815 3644; x_wconf 81' lang='lat' dir='ltr'><strong>cl.</strong></span> <span class='ocrx_word' id='word_1_268' title='bbox 834 3585 900 3642; x_wconf 89' lang='lat' dir='ltr'><strong>Hor.</strong></span> <span class='ocrx_word' id='word_1_269' title='bbox 921 3586 978 3642; x_wconf 84' lang='lat' dir='ltr'><strong>Sat.</strong></span> <span class='ocrx_word' id='word_1_270' title='bbox 999 3586 1033 3654; x_wconf 94' lang='lat' dir='ltr'><strong>ll,</strong></span> <span class='ocrx_word' id='word_1_271' title='bbox 1052 3592 1077 3654; x_wconf 88' lang='grc'><strong>6,</strong></span> <span class='ocrx_word' id='word_1_272' title='bbox 1098 3590 1138 3640; x_wconf 90' lang='grc'><strong>11.</strong></span> 
     </span>
    </p>
   </div>
   <div class='ocr_carea' id='block_1_5' title="bbox 0 0 1307 4044">
    <p class='ocr_par' dir='ltr' id='par_1_20' title="bbox 0 0 1307 4044">
     <span class='ocr_line' id='line_1_37' title="bbox 0 0 1307 4044; baseline 0 0"><span class='ocrx_word' id='word_1_273' title='bbox 0 0 1307 4044; x_wconf 95' lang='lat' dir='ltr'><strong> </strong></span> 
     </span>
    </p>
   </div>
  </div>
 </body>
</html>
