2600 4044
169 204 214 268 40
306 269 312 275 ³
541 199 647 256 suum
664 197 817 256 eunucu

169 365 287 431 Predia
310 364 427 429 dantur
451 363 494 446 ei,
516 362 620 427 fasces
645 364 772 447 alteque
796 362 932 430 curules.

169 454 203 519 Is
225 476 286 519 nos
309 453 479 537 indigenos
502 451 626 517 deridet
649 451 780 536 agitque
803 454 990 516 retrorsum.

170 541 288 608 Fibula
311 545 446 626 quanta,
467 563 566 625 pepe,
589 541 661 624 quis
684 537 818 625 uectit¹)
841 540 943 626 pallia
966 541 1077 606 clavus

116 649 157 691 555
170 631 270 697 Istius
293 631 413 716 ignoti,
436 630 544 714 patria
567 629 624 712 qui
644 629 753 694 nescio
777 629 816 693 de
839 650 902 712 qua

170 720 243 786 Huc
267 740 374 784 macer
397 722 430 784 et
451 719 556 783 nudus
580 718 682 803 venit3
705 718 790 802 quod
813 740 880 783 non
902 717 984 782 bene
1008 719 1128 784 vertat!

172 808 235 875 Sed
258 831 316 875 vos
340 807 416 893 quid
438 810 531 872 tanto
554 809 690 871 cessatis
714 807 861 890 symbola
885 811 999 890 questu

171 897 299 962 Addere
322 898 373 962 vel
398 897 515 962 seriem
537 895 619 959 mihi
642 895 844 981 suggessisse
868 895 1021 960 diserti?“

171 985 240 1051 Hec
264 985 415 1053 iactando
439 988 537 1068 caput
560 984 646 1048 male
668 983 734 1048 fido
757 987 887 1068 pectore
911 981 1076 1069 quassat²l

119 1095 160 1135 540
173 1077 330 1140 Arvinam
352 1080 492 1138 tenuans
515 1078 727 1138 evanescente
751 1073 868 1139 colore.

232 1408 301 1476 (VI.)
322 1407 361 1463 De
381 1406 523 1462 discordis
541 1407 571 1462 et
588 1405 634 1462 155
653 1406 683 1460 et
702 1419 784 1474 qnam
801 1407 885 1462 utilis
903 1407 944 1462 sit
961 1407 1131 1476 penitencia.

172 1516 219 1582 Te
243 1538 369 1602 quoque
394 1516 574 1582 subsidium
597 1517 667 1582 diro
689 1514 860 1581 furialibus
884 1515 1015 1603 armis3)

171 1605 339 1672 Murmure
361 1628 430 1672 nou
453 1604 587 1670 dubium
610 1609 674 1688 est,
697 1605 872 1689 discordia,
895 1604 994 1689 ferre,
1022 1606 1193 1693 bilinguis,
1298 1679 1299 1682 Ἴ

174 1695 390 1780 Officiumque
412 1696 474 1761 tibi
497 1694 689 1760 concinnum
711 1715 860 1778 rumpere
882 1693 977 1760 fedus

172 1784 217 1849 Et
241 1784 375 1849 suadere
399 1783 505 1866 dolce,
528 1783 688 1864 convicia,
712 1783 899 1848 sediciones.

119 1891 160 1932 545
175 1873 345 1938 Alchimus
369 1872 488 1954 effecit,
511 1869 685 1956 Numide⁴)
709 1871 793 1956 quod
817 1893 907 1936 more
931 1869 1074 1938 Nicanor

174 1961 297 2026 Federa
321 1982 382 2045 que
405 1959 534 2044 pepigit
557 1981 627 2024 cum
651 1959 733 2024 Iuda
756 1960 886 2025 discidit
910 1958 1023 2041 acer.⁵)

174 2048 258 2133 Sepe
283 2050 385 2113 eciam
409 2048 531 2114 discors
556 2048 611 2112 dat
634 2070 768 2113 munera
790 2071 849 2132 pro
873 2070 951 2114 nece
973 2049 1100 2134 fratria,

173 2137 220 2203 Ut
242 2135 445 2222 Capitolinus
468 2135 615 2202 mercede
638 2137 715 2202 data
737 2136 907 2204 Menelaus

173 2225 322 2292 Prodidit
345 2227 512 2312 egregium
535 2225 696 2309 mortique
720 2226 888 2310 asscripsit
912 2225 1069 2312 Ouium.⁶)

120 2334 161 2375 550
176 2313 229 2381 Sic
253 2319 286 2380 et
309 2315 473 2380 detractor
497 2350 535 2362 —
560 2314 662 2379 nichil
686 2315 848 2380 infelicius
871 2314 930 2380 illo
954 2352 998 2362 —

173 2404 263 2469 Inter
286 2425 457 2490 germanos
480 2405 583 2468 rixam
606 2403 687 2468 serit
710 2408 806 2489 atque
829 2404 1037 2489 propinquos.

173 2494 243 2560 Nos
267 2497 377 2558 tamen
401 2493 442 2559 ad
465 2514 576 2558 vocem
599 2493 675 2557 talis
699 2493 872 2558 cuiuslibet
896 2493 1010 2558 ambas

173 2582 348 2648 Auriculas
372 2582 507 2666 quidni
531 2603 645 2647 causas
669 2582 842 2665 subrepere
866 2586 1002 2648 orentes

174 2670 290 2754 Litigii
312 2669 510 2756 attigimus?
534 2671 590 2735 sed
613 2673 664 2734 ter
685 2691 837 2735 narrasse
861 2670 976 2736 citanti

120 2758 250 2824 55511051
273 2761 353 2824 satis
377 2764 439 2842 est,
463 2759 566 2823 instat
588 2757 702 2824 rabido
725 2758 930 2844 duplicatque
953 2758 1098 2824 furorem

175 2845 222 2912 Ut
245 2847 273 2910 si
297 2848 425 2930 quando
450 2848 570 2912 olidam
592 2846 743 2912 nebulosi
765 2846 899 2913 fornicis
923 2845 1065 2934 orcam⁷)

176 2933 315 3000 Obsceni
338 2935 465 3000 subiere
489 2957 562 3000 sues
587 2938 618 2999 et
640 2934 715 3000 feda
738 2936 847 3019 010505

247 3132 299 3182 558
319 3144 342 3181 0.
361 3127 520 3198 succuum
538 3143 607 3182 corr.
622 3127 660 3193 M,
678 3128 731 3182 1050
748 3128 955 3182 (115005150511
1024 3133 1075 3183 545
1094 3147 1193 3185 versus

175 3197 291 3254 minime
322 3196 439 3252 mutilus
472 3200 515 3252 est
547 3201 580 3252 ut
608 3196 753 3268 Bfidinger
779 3199 798 3252 l.
826 3197 845 3254 l.
873 3217 900 3268 p.
925 3204 960 3254 10
987 3218 1013 3254 n.
1038 3205 1072 3254 25
1108 3203 1194 3270 putat

176 3275 228 3326 549
252 3270 407 3346 0050100555
426 3284 495 3323 corr.
515 3268 543 3322 Μ
619 3267 719 3324 Ouium
738 3286 790 3325 scr.
808 3268 837 3322 Μ
909 3275 962 3324 553
986 3288 1009 3327 0.
1032 3272 1194 3341 subrepere

249 3431 275 3500 1)
294 3432 362 3486 Aen.
380 3428 428 3500 IV,
449 3434 508 3484 139.
595 3429 623 3496 2)
642 3427 676 3483 cl.
696 3427 730 3490 ΙΙ,
751 3434 853 3496 10950.
941 3429 969 3499 3)
989 3430 1038 3485 Ov.
1057 3430 1125 3486 Met.
1144 3431 1193 3500 Vl,

176 3507 237 3557 591.
292 3504 320 3569 4)
339 3500 359 3555 i.
379 3519 403 3557 e.
420 3500 580 3571 Iugurthae.
636 3501 663 3569 5)
683 3505 697 3551 1
717 3498 805 3554 Μ500.
826 3507 850 3565 7,
869 3504 966 3554 5-30.
1021 3504 1049 3571 5)
1068 3508 1084 3556 2
1103 3501 1192 3560 Maec.

175 3577 202 3641 4,
220 3577 335 3628 23-34.
426 3573 453 3640 7)
479 3570 514 3625 cf.
538 3571 604 3626 Hor.
629 3569 686 3626 Sat.
706 3568 741 3638 11,
760 3575 785 3637 4,
800 3575 841 3624 55.
